%YAML 1.1
%TAG !u! tag:unity3d.com,2011:
--- !u!1 &6615337315753636668
GameObject:
  m_ObjectHideFlags: 0
  m_CorrespondingSourceObject: {fileID: 0}
  m_PrefabInstance: {fileID: 0}
  m_PrefabAsset: {fileID: 0}
  serializedVersion: 6
  m_Component:
  - component: {fileID: 6615337315753636647}
  - component: {fileID: 6615337315753636664}
  - component: {fileID: 6615337315753636665}
  - component: {fileID: 6615337315753636666}
  - component: {fileID: 6615337315753636667}
  - component: {fileID: 6615337315753636646}
  m_Layer: 0
  m_Name: Boss
  m_TagString: Untagged
  m_Icon: {fileID: 0}
  m_NavMeshLayer: 0
  m_StaticEditorFlags: 0
  m_IsActive: 0
--- !u!4 &6615337315753636647
Transform:
  m_ObjectHideFlags: 0
  m_CorrespondingSourceObject: {fileID: 0}
  m_PrefabInstance: {fileID: 0}
  m_PrefabAsset: {fileID: 0}
  m_GameObject: {fileID: 6615337315753636668}
  m_LocalRotation: {x: 0, y: 1, z: 0, w: 0}
  m_LocalPosition: {x: 2, y: 20, z: 50}
  m_LocalScale: {x: 10, y: 20, z: 10}
  m_Children:
  - {fileID: 6615337316104782938}
  m_Father: {fileID: 0}
  m_RootOrder: 0
  m_LocalEulerAnglesHint: {x: 0, y: 180, z: 0}
--- !u!33 &6615337315753636664
MeshFilter:
  m_ObjectHideFlags: 0
  m_CorrespondingSourceObject: {fileID: 0}
  m_PrefabInstance: {fileID: 0}
  m_PrefabAsset: {fileID: 0}
  m_GameObject: {fileID: 6615337315753636668}
  m_Mesh: {fileID: 10202, guid: 0000000000000000e000000000000000, type: 0}
--- !u!23 &6615337315753636665
MeshRenderer:
  m_ObjectHideFlags: 0
  m_CorrespondingSourceObject: {fileID: 0}
  m_PrefabInstance: {fileID: 0}
  m_PrefabAsset: {fileID: 0}
  m_GameObject: {fileID: 6615337315753636668}
  m_Enabled: 1
  m_CastShadows: 1
  m_ReceiveShadows: 1
  m_DynamicOccludee: 1
  m_MotionVectors: 1
  m_LightProbeUsage: 1
  m_ReflectionProbeUsage: 1
  m_RenderingLayerMask: 1
  m_RendererPriority: 0
  m_Materials:
  - {fileID: 2100000, guid: a37423e5db27bc84d8c25092850b4770, type: 2}
  m_StaticBatchInfo:
    firstSubMesh: 0
    subMeshCount: 0
  m_StaticBatchRoot: {fileID: 0}
  m_ProbeAnchor: {fileID: 0}
  m_LightProbeVolumeOverride: {fileID: 0}
  m_ScaleInLightmap: 1
  m_ReceiveGI: 1
  m_PreserveUVs: 0
  m_IgnoreNormalsForChartDetection: 0
  m_ImportantGI: 0
  m_StitchLightmapSeams: 1
  m_SelectedEditorRenderState: 3
  m_MinimumChartSize: 4
  m_AutoUVMaxDistance: 0.5
  m_AutoUVMaxAngle: 89
  m_LightmapParameters: {fileID: 0}
  m_SortingLayerID: 0
  m_SortingLayer: 0
  m_SortingOrder: 0
--- !u!65 &6615337315753636666
BoxCollider:
  m_ObjectHideFlags: 0
  m_CorrespondingSourceObject: {fileID: 0}
  m_PrefabInstance: {fileID: 0}
  m_PrefabAsset: {fileID: 0}
  m_GameObject: {fileID: 6615337315753636668}
  m_Material: {fileID: 0}
  m_IsTrigger: 0
  m_Enabled: 1
  serializedVersion: 2
  m_Size: {x: 1, y: 1, z: 1}
  m_Center: {x: 0, y: 0, z: 0}
--- !u!54 &6615337315753636667
Rigidbody:
  m_ObjectHideFlags: 0
  m_CorrespondingSourceObject: {fileID: 0}
  m_PrefabInstance: {fileID: 0}
  m_PrefabAsset: {fileID: 0}
  m_GameObject: {fileID: 6615337315753636668}
  serializedVersion: 2
  m_Mass: 5000
  m_Drag: 0
  m_AngularDrag: 0.05
  m_UseGravity: 0
  m_IsKinematic: 1
  m_Interpolate: 0
  m_Constraints: 46
  m_CollisionDetection: 0
--- !u!114 &6615337315753636646
MonoBehaviour:
  m_ObjectHideFlags: 0
  m_CorrespondingSourceObject: {fileID: 0}
  m_PrefabInstance: {fileID: 0}
  m_PrefabAsset: {fileID: 0}
  m_GameObject: {fileID: 6615337315753636668}
  m_Enabled: 1
  m_EditorHideFlags: 0
  m_Script: {fileID: 11500000, guid: b4e491facb356fe4c81bbfb29e88cde2, type: 3}
  m_Name: 
  m_EditorClassIdentifier: 
  Player: {fileID: 0}
  network: {fileID: 11400000, guid: 3a1f6e312b87035479ac1d0caa1a510d, type: 2}
  FinishRoom: {fileID: 0}
  BallLaunchers:
  - {fileID: 4314075011913343472}
  CartLaunchers:
  - {fileID: 0}
  - {fileID: 0}
  FireIntervalPhase2: 2
  FireIntervalPhase3: 1.5
  BaseLaunchForce: 50
--- !u!1 &6615337316104782939
GameObject:
  m_ObjectHideFlags: 0
  m_CorrespondingSourceObject: {fileID: 0}
  m_PrefabInstance: {fileID: 0}
  m_PrefabAsset: {fileID: 0}
  serializedVersion: 6
  m_Component:
  - component: {fileID: 6615337316104782938}
  m_Layer: 0
  m_Name: ScaleFix
  m_TagString: Untagged
  m_Icon: {fileID: 0}
  m_NavMeshLayer: 0
  m_StaticEditorFlags: 0
  m_IsActive: 1
--- !u!4 &6615337316104782938
Transform:
  m_ObjectHideFlags: 0
  m_CorrespondingSourceObject: {fileID: 0}
  m_PrefabInstance: {fileID: 0}
  m_PrefabAsset: {fileID: 0}
  m_GameObject: {fileID: 6615337316104782939}
  m_LocalRotation: {x: 0, y: 0, z: 0, w: 1}
  m_LocalPosition: {x: 0, y: 0, z: 0}
  m_LocalScale: {x: 1, y: 0.5, z: 1}
  m_Children:
  - {fileID: 5351345921443874326}
  - {fileID: 679863744808356572}
  - {fileID: 679863744391554137}
  m_Father: {fileID: 6615337315753636647}
  m_RootOrder: 0
  m_LocalEulerAnglesHint: {x: 0, y: 0, z: 0}
--- !u!1001 &6615337315300086608
PrefabInstance:
  m_ObjectHideFlags: 0
  serializedVersion: 2
  m_Modification:
    m_TransformParent: {fileID: 6615337316104782938}
    m_Modifications:
    - target: {fileID: 7276237672865056026, guid: 2ad4576cff3efd54190e083d18ea5b4b,
        type: 3}
      propertyPath: m_Name
      value: EnemyTurret
      objectReference: {fileID: 0}
    - target: {fileID: 7276237672865056026, guid: 2ad4576cff3efd54190e083d18ea5b4b,
        type: 3}
      propertyPath: m_IsActive
      value: 1
      objectReference: {fileID: 0}
    - target: {fileID: 5954104246897555209, guid: 2ad4576cff3efd54190e083d18ea5b4b,
        type: 3}
      propertyPath: m_LocalPosition.x
      value: 0.2
      objectReference: {fileID: 0}
    - target: {fileID: 5954104246897555209, guid: 2ad4576cff3efd54190e083d18ea5b4b,
        type: 3}
      propertyPath: m_LocalPosition.y
      value: 0.7
      objectReference: {fileID: 0}
    - target: {fileID: 5954104246897555209, guid: 2ad4576cff3efd54190e083d18ea5b4b,
        type: 3}
      propertyPath: m_LocalPosition.z
      value: 0.5
      objectReference: {fileID: 0}
    - target: {fileID: 5954104246897555209, guid: 2ad4576cff3efd54190e083d18ea5b4b,
        type: 3}
      propertyPath: m_LocalRotation.x
      value: -0
      objectReference: {fileID: 0}
    - target: {fileID: 5954104246897555209, guid: 2ad4576cff3efd54190e083d18ea5b4b,
        type: 3}
      propertyPath: m_LocalRotation.y
      value: -0
      objectReference: {fileID: 0}
    - target: {fileID: 5954104246897555209, guid: 2ad4576cff3efd54190e083d18ea5b4b,
        type: 3}
      propertyPath: m_LocalRotation.z
      value: -0
      objectReference: {fileID: 0}
    - target: {fileID: 5954104246897555209, guid: 2ad4576cff3efd54190e083d18ea5b4b,
        type: 3}
      propertyPath: m_LocalRotation.w
      value: 1
      objectReference: {fileID: 0}
    - target: {fileID: 5954104246897555209, guid: 2ad4576cff3efd54190e083d18ea5b4b,
        type: 3}
      propertyPath: m_RootOrder
      value: 2
      objectReference: {fileID: 0}
    - target: {fileID: 5954104246897555209, guid: 2ad4576cff3efd54190e083d18ea5b4b,
        type: 3}
      propertyPath: m_LocalEulerAnglesHint.x
      value: 0
      objectReference: {fileID: 0}
    - target: {fileID: 5954104246897555209, guid: 2ad4576cff3efd54190e083d18ea5b4b,
        type: 3}
      propertyPath: m_LocalEulerAnglesHint.y
      value: 0
      objectReference: {fileID: 0}
    - target: {fileID: 5954104246897555209, guid: 2ad4576cff3efd54190e083d18ea5b4b,
        type: 3}
      propertyPath: m_LocalEulerAnglesHint.z
      value: 0
      objectReference: {fileID: 0}
    - target: {fileID: 5954104246897555209, guid: 2ad4576cff3efd54190e083d18ea5b4b,
        type: 3}
      propertyPath: m_LocalScale.x
      value: 0.1
      objectReference: {fileID: 0}
    - target: {fileID: 5954104246897555209, guid: 2ad4576cff3efd54190e083d18ea5b4b,
        type: 3}
      propertyPath: m_LocalScale.y
      value: 0.1
      objectReference: {fileID: 0}
    - target: {fileID: 5954104246897555209, guid: 2ad4576cff3efd54190e083d18ea5b4b,
        type: 3}
      propertyPath: m_LocalScale.z
      value: 0.1
      objectReference: {fileID: 0}
    - target: {fileID: 1719124408972770335, guid: 2ad4576cff3efd54190e083d18ea5b4b,
        type: 3}
      propertyPath: network
      value: 
      objectReference: {fileID: 11400000, guid: 3a1f6e312b87035479ac1d0caa1a510d,
        type: 2}
    - target: {fileID: 1719124408972770335, guid: 2ad4576cff3efd54190e083d18ea5b4b,
        type: 3}
      propertyPath: fireInterval
      value: 2
      objectReference: {fileID: 0}
    - target: {fileID: 1719124408972770335, guid: 2ad4576cff3efd54190e083d18ea5b4b,
        type: 3}
      propertyPath: m_Enabled
      value: 1
      objectReference: {fileID: 0}
    m_RemovedComponents: []
  m_SourcePrefab: {fileID: 100100000, guid: 2ad4576cff3efd54190e083d18ea5b4b, type: 3}
--- !u!4 &679863744391554137 stripped
Transform:
  m_CorrespondingSourceObject: {fileID: 5954104246897555209, guid: 2ad4576cff3efd54190e083d18ea5b4b,
    type: 3}
  m_PrefabInstance: {fileID: 6615337315300086608}
  m_PrefabAsset: {fileID: 0}
--- !u!1001 &6615337316369938577
PrefabInstance:
  m_ObjectHideFlags: 0
  serializedVersion: 2
  m_Modification:
    m_TransformParent: {fileID: 6615337316104782938}
    m_Modifications:
    - target: {fileID: 2870749161222737044, guid: 3e935a0c3a7863d449ec59afb81a657e,
        type: 3}
      propertyPath: m_Name
      value: Mouth
      objectReference: {fileID: 0}
    - target: {fileID: 1264855078636387975, guid: 3e935a0c3a7863d449ec59afb81a657e,
        type: 3}
      propertyPath: m_LocalPosition.x
      value: 0
      objectReference: {fileID: 0}
    - target: {fileID: 1264855078636387975, guid: 3e935a0c3a7863d449ec59afb81a657e,
        type: 3}
      propertyPath: m_LocalPosition.y
      value: 0.2
      objectReference: {fileID: 0}
    - target: {fileID: 1264855078636387975, guid: 3e935a0c3a7863d449ec59afb81a657e,
        type: 3}
      propertyPath: m_LocalPosition.z
      value: 0.658
      objectReference: {fileID: 0}
    - target: {fileID: 1264855078636387975, guid: 3e935a0c3a7863d449ec59afb81a657e,
        type: 3}
      propertyPath: m_LocalRotation.x
      value: 0.5
      objectReference: {fileID: 0}
    - target: {fileID: 1264855078636387975, guid: 3e935a0c3a7863d449ec59afb81a657e,
        type: 3}
      propertyPath: m_LocalRotation.y
      value: 0.5
      objectReference: {fileID: 0}
    - target: {fileID: 1264855078636387975, guid: 3e935a0c3a7863d449ec59afb81a657e,
        type: 3}
      propertyPath: m_LocalRotation.z
      value: 0.5
      objectReference: {fileID: 0}
    - target: {fileID: 1264855078636387975, guid: 3e935a0c3a7863d449ec59afb81a657e,
        type: 3}
      propertyPath: m_LocalRotation.w
      value: 0.5
      objectReference: {fileID: 0}
    - target: {fileID: 1264855078636387975, guid: 3e935a0c3a7863d449ec59afb81a657e,
        type: 3}
      propertyPath: m_RootOrder
      value: 0
      objectReference: {fileID: 0}
    - target: {fileID: 1264855078636387975, guid: 3e935a0c3a7863d449ec59afb81a657e,
        type: 3}
      propertyPath: m_LocalEulerAnglesHint.x
      value: 0
      objectReference: {fileID: 0}
    - target: {fileID: 1264855078636387975, guid: 3e935a0c3a7863d449ec59afb81a657e,
        type: 3}
      propertyPath: m_LocalEulerAnglesHint.y
      value: 90
      objectReference: {fileID: 0}
    - target: {fileID: 1264855078636387975, guid: 3e935a0c3a7863d449ec59afb81a657e,
        type: 3}
      propertyPath: m_LocalEulerAnglesHint.z
      value: 90
      objectReference: {fileID: 0}
    - target: {fileID: 1264855078636387975, guid: 3e935a0c3a7863d449ec59afb81a657e,
        type: 3}
      propertyPath: m_LocalScale.x
      value: 0.1
      objectReference: {fileID: 0}
    - target: {fileID: 1264855078636387975, guid: 3e935a0c3a7863d449ec59afb81a657e,
        type: 3}
      propertyPath: m_LocalScale.y
      value: 0.1
      objectReference: {fileID: 0}
    - target: {fileID: 1264855078636387975, guid: 3e935a0c3a7863d449ec59afb81a657e,
        type: 3}
      propertyPath: m_LocalScale.z
      value: 0.1
      objectReference: {fileID: 0}
    - target: {fileID: 6922255143365138785, guid: 3e935a0c3a7863d449ec59afb81a657e,
        type: 3}
      propertyPath: spawnDelay
      value: 5
      objectReference: {fileID: 0}
    - target: {fileID: 6922255143365138785, guid: 3e935a0c3a7863d449ec59afb81a657e,
        type: 3}
      propertyPath: spawnObjectPrefab
      value: 
      objectReference: {fileID: 7098684400582909629, guid: 387fee8fb7a0ee5418b70a3ba47babcd,
        type: 3}
    - target: {fileID: 6922255143365138785, guid: 3e935a0c3a7863d449ec59afb81a657e,
        type: 3}
      propertyPath: checkBoundsItems
      value: 
      objectReference: {fileID: 11400000, guid: d22134e1c3d532f4bb849f85fee8f33a,
        type: 2}
    - target: {fileID: 6922255143365138785, guid: 3e935a0c3a7863d449ec59afb81a657e,
        type: 3}
      propertyPath: network
      value: 
      objectReference: {fileID: 11400000, guid: 3a1f6e312b87035479ac1d0caa1a510d,
        type: 2}
    - target: {fileID: 6922255143365138785, guid: 3e935a0c3a7863d449ec59afb81a657e,
        type: 3}
      propertyPath: LaunchForce
      value: 20
      objectReference: {fileID: 0}
    - target: {fileID: 6922255143365138785, guid: 3e935a0c3a7863d449ec59afb81a657e,
        type: 3}
      propertyPath: m_Enabled
      value: 1
      objectReference: {fileID: 0}
    - target: {fileID: 6922255143365138785, guid: 3e935a0c3a7863d449ec59afb81a657e,
        type: 3}
      propertyPath: target
      value: 
      objectReference: {fileID: 0}
    m_RemovedComponents: []
  m_SourcePrefab: {fileID: 100100000, guid: 3e935a0c3a7863d449ec59afb81a657e, type: 3}
--- !u!4 &5351345921443874326 stripped
Transform:
  m_CorrespondingSourceObject: {fileID: 1264855078636387975, guid: 3e935a0c3a7863d449ec59afb81a657e,
    type: 3}
  m_PrefabInstance: {fileID: 6615337316369938577}
  m_PrefabAsset: {fileID: 0}
--- !u!114 &4314075011913343472 stripped
MonoBehaviour:
  m_CorrespondingSourceObject: {fileID: 6922255143365138785, guid: 3e935a0c3a7863d449ec59afb81a657e,
    type: 3}
  m_PrefabInstance: {fileID: 6615337316369938577}
  m_PrefabAsset: {fileID: 0}
  m_GameObject: {fileID: 0}
  m_Enabled: 1
  m_EditorHideFlags: 0
  m_Script: {fileID: 11500000, guid: 0f2ae7f03dcabc24c81e58b7cd966261, type: 3}
  m_Name: 
  m_EditorClassIdentifier: 
--- !u!1001 &6615337316493901269
PrefabInstance:
  m_ObjectHideFlags: 0
  serializedVersion: 2
  m_Modification:
    m_TransformParent: {fileID: 6615337316104782938}
    m_Modifications:
    - target: {fileID: 7276237672865056026, guid: 2ad4576cff3efd54190e083d18ea5b4b,
        type: 3}
      propertyPath: m_Name
      value: EnemyTurret
      objectReference: {fileID: 0}
    - target: {fileID: 7276237672865056026, guid: 2ad4576cff3efd54190e083d18ea5b4b,
        type: 3}
      propertyPath: m_IsActive
      value: 1
      objectReference: {fileID: 0}
    - target: {fileID: 5954104246897555209, guid: 2ad4576cff3efd54190e083d18ea5b4b,
        type: 3}
      propertyPath: m_LocalPosition.x
      value: -0.2
      objectReference: {fileID: 0}
    - target: {fileID: 5954104246897555209, guid: 2ad4576cff3efd54190e083d18ea5b4b,
        type: 3}
      propertyPath: m_LocalPosition.y
      value: 0.7
      objectReference: {fileID: 0}
    - target: {fileID: 5954104246897555209, guid: 2ad4576cff3efd54190e083d18ea5b4b,
        type: 3}
      propertyPath: m_LocalPosition.z
      value: 0.5
      objectReference: {fileID: 0}
    - target: {fileID: 5954104246897555209, guid: 2ad4576cff3efd54190e083d18ea5b4b,
        type: 3}
      propertyPath: m_LocalRotation.x
      value: 0
      objectReference: {fileID: 0}
    - target: {fileID: 5954104246897555209, guid: 2ad4576cff3efd54190e083d18ea5b4b,
        type: 3}
      propertyPath: m_LocalRotation.y
      value: 0
      objectReference: {fileID: 0}
    - target: {fileID: 5954104246897555209, guid: 2ad4576cff3efd54190e083d18ea5b4b,
        type: 3}
      propertyPath: m_LocalRotation.z
      value: 0
      objectReference: {fileID: 0}
    - target: {fileID: 5954104246897555209, guid: 2ad4576cff3efd54190e083d18ea5b4b,
        type: 3}
      propertyPath: m_LocalRotation.w
      value: 1
      objectReference: {fileID: 0}
    - target: {fileID: 5954104246897555209, guid: 2ad4576cff3efd54190e083d18ea5b4b,
        type: 3}
      propertyPath: m_RootOrder
      value: 1
      objectReference: {fileID: 0}
    - target: {fileID: 5954104246897555209, guid: 2ad4576cff3efd54190e083d18ea5b4b,
        type: 3}
      propertyPath: m_LocalEulerAnglesHint.x
      value: 0
      objectReference: {fileID: 0}
    - target: {fileID: 5954104246897555209, guid: 2ad4576cff3efd54190e083d18ea5b4b,
        type: 3}
      propertyPath: m_LocalEulerAnglesHint.y
      value: 0
      objectReference: {fileID: 0}
    - target: {fileID: 5954104246897555209, guid: 2ad4576cff3efd54190e083d18ea5b4b,
        type: 3}
      propertyPath: m_LocalEulerAnglesHint.z
      value: 0
      objectReference: {fileID: 0}
    - target: {fileID: 5954104246897555209, guid: 2ad4576cff3efd54190e083d18ea5b4b,
        type: 3}
      propertyPath: m_LocalScale.x
      value: 0.1
      objectReference: {fileID: 0}
    - target: {fileID: 5954104246897555209, guid: 2ad4576cff3efd54190e083d18ea5b4b,
        type: 3}
      propertyPath: m_LocalScale.y
      value: 0.1
      objectReference: {fileID: 0}
    - target: {fileID: 5954104246897555209, guid: 2ad4576cff3efd54190e083d18ea5b4b,
        type: 3}
      propertyPath: m_LocalScale.z
      value: 0.1
      objectReference: {fileID: 0}
    - target: {fileID: 1719124408972770335, guid: 2ad4576cff3efd54190e083d18ea5b4b,
        type: 3}
      propertyPath: network
      value: 
      objectReference: {fileID: 11400000, guid: 3a1f6e312b87035479ac1d0caa1a510d,
        type: 2}
    - target: {fileID: 1719124408972770335, guid: 2ad4576cff3efd54190e083d18ea5b4b,
        type: 3}
      propertyPath: fireInterval
      value: 2
      objectReference: {fileID: 0}
    - target: {fileID: 1719124408972770335, guid: 2ad4576cff3efd54190e083d18ea5b4b,
        type: 3}
      propertyPath: m_Enabled
      value: 1
      objectReference: {fileID: 0}
    m_RemovedComponents: []
  m_SourcePrefab: {fileID: 100100000, guid: 2ad4576cff3efd54190e083d18ea5b4b, type: 3}
--- !u!4 &679863744808356572 stripped
Transform:
  m_CorrespondingSourceObject: {fileID: 5954104246897555209, guid: 2ad4576cff3efd54190e083d18ea5b4b,
    type: 3}
  m_PrefabInstance: {fileID: 6615337316493901269}
  m_PrefabAsset: {fileID: 0}
