%YAML 1.1
%TAG !u! tag:unity3d.com,2011:
--- !u!29 &1
OcclusionCullingSettings:
  m_ObjectHideFlags: 0
  serializedVersion: 2
  m_OcclusionBakeSettings:
    smallestOccluder: 5
    smallestHole: 0.25
    backfaceThreshold: 100
  m_SceneGUID: 00000000000000000000000000000000
  m_OcclusionCullingData: {fileID: 0}
--- !u!104 &2
RenderSettings:
  m_ObjectHideFlags: 0
  serializedVersion: 9
  m_Fog: 0
  m_FogColor: {r: 0.5, g: 0.5, b: 0.5, a: 1}
  m_FogMode: 3
  m_FogDensity: 0.01
  m_LinearFogStart: 0
  m_LinearFogEnd: 300
  m_AmbientSkyColor: {r: 0.212, g: 0.227, b: 0.259, a: 1}
  m_AmbientEquatorColor: {r: 0.114, g: 0.125, b: 0.133, a: 1}
  m_AmbientGroundColor: {r: 0.047, g: 0.043, b: 0.035, a: 1}
  m_AmbientIntensity: 1
  m_AmbientMode: 0
  m_SubtractiveShadowColor: {r: 0.42, g: 0.478, b: 0.627, a: 1}
  m_SkyboxMaterial: {fileID: 10304, guid: 0000000000000000f000000000000000, type: 0}
  m_HaloStrength: 0.5
  m_FlareStrength: 1
  m_FlareFadeSpeed: 3
  m_HaloTexture: {fileID: 0}
  m_SpotCookie: {fileID: 10001, guid: 0000000000000000e000000000000000, type: 0}
  m_DefaultReflectionMode: 0
  m_DefaultReflectionResolution: 128
  m_ReflectionBounces: 1
  m_ReflectionIntensity: 1
  m_CustomReflection: {fileID: 0}
  m_Sun: {fileID: 0}
  m_IndirectSpecularColor: {r: 0, g: 0, b: 0, a: 1}
  m_UseRadianceAmbientProbe: 0
--- !u!157 &3
LightmapSettings:
  m_ObjectHideFlags: 0
  serializedVersion: 11
  m_GIWorkflowMode: 1
  m_GISettings:
    serializedVersion: 2
    m_BounceScale: 1
    m_IndirectOutputScale: 1
    m_AlbedoBoost: 1
    m_EnvironmentLightingMode: 0
    m_EnableBakedLightmaps: 1
    m_EnableRealtimeLightmaps: 1
  m_LightmapEditorSettings:
    serializedVersion: 12
    m_Resolution: 2
    m_BakeResolution: 40
    m_AtlasSize: 1024
    m_AO: 0
    m_AOMaxDistance: 1
    m_CompAOExponent: 1
    m_CompAOExponentDirect: 0
    m_ExtractAmbientOcclusion: 0
    m_Padding: 2
    m_LightmapParameters: {fileID: 0}
    m_LightmapsBakeMode: 1
    m_TextureCompression: 1
    m_FinalGather: 0
    m_FinalGatherFiltering: 1
    m_FinalGatherRayCount: 256
    m_ReflectionCompression: 2
    m_MixedBakeMode: 2
    m_BakeBackend: 1
    m_PVRSampling: 1
    m_PVRDirectSampleCount: 32
    m_PVRSampleCount: 512
    m_PVRBounces: 2
    m_PVREnvironmentSampleCount: 256
    m_PVREnvironmentReferencePointCount: 2048
    m_PVRFilteringMode: 1
    m_PVRDenoiserTypeDirect: 1
    m_PVRDenoiserTypeIndirect: 1
    m_PVRDenoiserTypeAO: 1
    m_PVRFilterTypeDirect: 0
    m_PVRFilterTypeIndirect: 0
    m_PVRFilterTypeAO: 0
    m_PVREnvironmentMIS: 1
    m_PVRCulling: 1
    m_PVRFilteringGaussRadiusDirect: 1
    m_PVRFilteringGaussRadiusIndirect: 5
    m_PVRFilteringGaussRadiusAO: 2
    m_PVRFilteringAtrousPositionSigmaDirect: 0.5
    m_PVRFilteringAtrousPositionSigmaIndirect: 2
    m_PVRFilteringAtrousPositionSigmaAO: 1
    m_ExportTrainingData: 0
    m_TrainingDataDestination: TrainingData
  m_LightingDataAsset: {fileID: 0}
  m_UseShadowmask: 1
--- !u!196 &4
NavMeshSettings:
  serializedVersion: 2
  m_ObjectHideFlags: 0
  m_BuildSettings:
    serializedVersion: 2
    agentTypeID: 0
    agentRadius: 0.5
    agentHeight: 2
    agentSlope: 45
    agentClimb: 0.4
    ledgeDropHeight: 0
    maxJumpAcrossDistance: 0
    minRegionArea: 2
    manualCellSize: 0
    cellSize: 0.16666667
    manualTileSize: 0
    tileSize: 256
    accuratePlacement: 0
    debug:
      m_Flags: 0
  m_NavMeshData: {fileID: 0}
--- !u!1001 &273730858
PrefabInstance:
  m_ObjectHideFlags: 0
  serializedVersion: 2
  m_Modification:
    m_TransformParent: {fileID: 1455454152}
    m_Modifications:
    - target: {fileID: 7297396314850467403, guid: 70f6e21d03b363e438b4d88498916675,
        type: 3}
      propertyPath: m_Name
      value: StasisCart
      objectReference: {fileID: 0}
    - target: {fileID: 5989460468756835416, guid: 70f6e21d03b363e438b4d88498916675,
        type: 3}
      propertyPath: m_LocalPosition.x
      value: -4
      objectReference: {fileID: 0}
    - target: {fileID: 5989460468756835416, guid: 70f6e21d03b363e438b4d88498916675,
        type: 3}
      propertyPath: m_LocalPosition.y
      value: 0
      objectReference: {fileID: 0}
    - target: {fileID: 5989460468756835416, guid: 70f6e21d03b363e438b4d88498916675,
        type: 3}
      propertyPath: m_LocalPosition.z
      value: 2
      objectReference: {fileID: 0}
    - target: {fileID: 5989460468756835416, guid: 70f6e21d03b363e438b4d88498916675,
        type: 3}
      propertyPath: m_LocalRotation.x
      value: -0
      objectReference: {fileID: 0}
    - target: {fileID: 5989460468756835416, guid: 70f6e21d03b363e438b4d88498916675,
        type: 3}
      propertyPath: m_LocalRotation.y
      value: -0
      objectReference: {fileID: 0}
    - target: {fileID: 5989460468756835416, guid: 70f6e21d03b363e438b4d88498916675,
        type: 3}
      propertyPath: m_LocalRotation.z
      value: -0
      objectReference: {fileID: 0}
    - target: {fileID: 5989460468756835416, guid: 70f6e21d03b363e438b4d88498916675,
        type: 3}
      propertyPath: m_LocalRotation.w
      value: 1
      objectReference: {fileID: 0}
    - target: {fileID: 5989460468756835416, guid: 70f6e21d03b363e438b4d88498916675,
        type: 3}
      propertyPath: m_RootOrder
      value: 9
      objectReference: {fileID: 0}
    - target: {fileID: 5989460468756835416, guid: 70f6e21d03b363e438b4d88498916675,
        type: 3}
      propertyPath: m_LocalEulerAnglesHint.x
      value: 0
      objectReference: {fileID: 0}
    - target: {fileID: 5989460468756835416, guid: 70f6e21d03b363e438b4d88498916675,
        type: 3}
      propertyPath: m_LocalEulerAnglesHint.y
      value: 0
      objectReference: {fileID: 0}
    - target: {fileID: 5989460468756835416, guid: 70f6e21d03b363e438b4d88498916675,
        type: 3}
      propertyPath: m_LocalEulerAnglesHint.z
      value: 0
      objectReference: {fileID: 0}
    m_RemovedComponents: []
  m_SourcePrefab: {fileID: 100100000, guid: 70f6e21d03b363e438b4d88498916675, type: 3}
--- !u!4 &273730859 stripped
Transform:
  m_CorrespondingSourceObject: {fileID: 5989460468756835416, guid: 70f6e21d03b363e438b4d88498916675,
    type: 3}
  m_PrefabInstance: {fileID: 273730858}
  m_PrefabAsset: {fileID: 0}
--- !u!1001 &406030533
PrefabInstance:
  m_ObjectHideFlags: 0
  serializedVersion: 2
  m_Modification:
    m_TransformParent: {fileID: 1455454152}
    m_Modifications:
    - target: {fileID: 7077369321857550522, guid: f547594334608324094dbbc72cd9314f,
        type: 3}
      propertyPath: m_Name
      value: Rails (1)
      objectReference: {fileID: 0}
    - target: {fileID: 6083382600540879529, guid: f547594334608324094dbbc72cd9314f,
        type: 3}
      propertyPath: m_LocalPosition.x
      value: -4
      objectReference: {fileID: 0}
    - target: {fileID: 6083382600540879529, guid: f547594334608324094dbbc72cd9314f,
        type: 3}
      propertyPath: m_LocalPosition.y
      value: 0
      objectReference: {fileID: 0}
    - target: {fileID: 6083382600540879529, guid: f547594334608324094dbbc72cd9314f,
        type: 3}
      propertyPath: m_LocalPosition.z
      value: 1
      objectReference: {fileID: 0}
    - target: {fileID: 6083382600540879529, guid: f547594334608324094dbbc72cd9314f,
        type: 3}
      propertyPath: m_LocalRotation.x
      value: -0
      objectReference: {fileID: 0}
    - target: {fileID: 6083382600540879529, guid: f547594334608324094dbbc72cd9314f,
        type: 3}
      propertyPath: m_LocalRotation.y
      value: -0
      objectReference: {fileID: 0}
    - target: {fileID: 6083382600540879529, guid: f547594334608324094dbbc72cd9314f,
        type: 3}
      propertyPath: m_LocalRotation.z
      value: -0
      objectReference: {fileID: 0}
    - target: {fileID: 6083382600540879529, guid: f547594334608324094dbbc72cd9314f,
        type: 3}
      propertyPath: m_LocalRotation.w
      value: 1
      objectReference: {fileID: 0}
    - target: {fileID: 6083382600540879529, guid: f547594334608324094dbbc72cd9314f,
        type: 3}
      propertyPath: m_RootOrder
      value: 2
      objectReference: {fileID: 0}
    - target: {fileID: 6083382600540879529, guid: f547594334608324094dbbc72cd9314f,
        type: 3}
      propertyPath: m_LocalEulerAnglesHint.x
      value: 0
      objectReference: {fileID: 0}
    - target: {fileID: 6083382600540879529, guid: f547594334608324094dbbc72cd9314f,
        type: 3}
      propertyPath: m_LocalEulerAnglesHint.y
      value: 0
      objectReference: {fileID: 0}
    - target: {fileID: 6083382600540879529, guid: f547594334608324094dbbc72cd9314f,
        type: 3}
      propertyPath: m_LocalEulerAnglesHint.z
      value: 0
      objectReference: {fileID: 0}
    m_RemovedComponents: []
  m_SourcePrefab: {fileID: 100100000, guid: f547594334608324094dbbc72cd9314f, type: 3}
--- !u!4 &406030534 stripped
Transform:
  m_CorrespondingSourceObject: {fileID: 6083382600540879529, guid: f547594334608324094dbbc72cd9314f,
    type: 3}
  m_PrefabInstance: {fileID: 406030533}
  m_PrefabAsset: {fileID: 0}
--- !u!4 &439833309 stripped
Transform:
  m_CorrespondingSourceObject: {fileID: 2851474586385547941, guid: adbb1a376f38f5c4ab0692c40982fbd8,
    type: 3}
  m_PrefabInstance: {fileID: 2851474586487738488}
  m_PrefabAsset: {fileID: 0}
--- !u!1001 &613026041
PrefabInstance:
  m_ObjectHideFlags: 0
  serializedVersion: 2
  m_Modification:
    m_TransformParent: {fileID: 1455454152}
    m_Modifications:
    - target: {fileID: 7077369321857550522, guid: f547594334608324094dbbc72cd9314f,
        type: 3}
      propertyPath: m_Name
      value: Rails (4)
      objectReference: {fileID: 0}
    - target: {fileID: 6083382600540879529, guid: f547594334608324094dbbc72cd9314f,
        type: 3}
      propertyPath: m_LocalPosition.x
      value: -4
      objectReference: {fileID: 0}
    - target: {fileID: 6083382600540879529, guid: f547594334608324094dbbc72cd9314f,
        type: 3}
      propertyPath: m_LocalPosition.y
      value: 0
      objectReference: {fileID: 0}
    - target: {fileID: 6083382600540879529, guid: f547594334608324094dbbc72cd9314f,
        type: 3}
      propertyPath: m_LocalPosition.z
      value: -5
      objectReference: {fileID: 0}
    - target: {fileID: 6083382600540879529, guid: f547594334608324094dbbc72cd9314f,
        type: 3}
      propertyPath: m_LocalRotation.x
      value: -0
      objectReference: {fileID: 0}
    - target: {fileID: 6083382600540879529, guid: f547594334608324094dbbc72cd9314f,
        type: 3}
      propertyPath: m_LocalRotation.y
      value: -0
      objectReference: {fileID: 0}
    - target: {fileID: 6083382600540879529, guid: f547594334608324094dbbc72cd9314f,
        type: 3}
      propertyPath: m_LocalRotation.z
      value: -0
      objectReference: {fileID: 0}
    - target: {fileID: 6083382600540879529, guid: f547594334608324094dbbc72cd9314f,
        type: 3}
      propertyPath: m_LocalRotation.w
      value: 1
      objectReference: {fileID: 0}
    - target: {fileID: 6083382600540879529, guid: f547594334608324094dbbc72cd9314f,
        type: 3}
      propertyPath: m_RootOrder
      value: 5
      objectReference: {fileID: 0}
    - target: {fileID: 6083382600540879529, guid: f547594334608324094dbbc72cd9314f,
        type: 3}
      propertyPath: m_LocalEulerAnglesHint.x
      value: 0
      objectReference: {fileID: 0}
    - target: {fileID: 6083382600540879529, guid: f547594334608324094dbbc72cd9314f,
        type: 3}
      propertyPath: m_LocalEulerAnglesHint.y
      value: 0
      objectReference: {fileID: 0}
    - target: {fileID: 6083382600540879529, guid: f547594334608324094dbbc72cd9314f,
        type: 3}
      propertyPath: m_LocalEulerAnglesHint.z
      value: 0
      objectReference: {fileID: 0}
    m_RemovedComponents: []
  m_SourcePrefab: {fileID: 100100000, guid: f547594334608324094dbbc72cd9314f, type: 3}
--- !u!4 &613026042 stripped
Transform:
  m_CorrespondingSourceObject: {fileID: 6083382600540879529, guid: f547594334608324094dbbc72cd9314f,
    type: 3}
  m_PrefabInstance: {fileID: 613026041}
  m_PrefabAsset: {fileID: 0}
--- !u!1001 &713258335
PrefabInstance:
  m_ObjectHideFlags: 0
  serializedVersion: 2
  m_Modification:
    m_TransformParent: {fileID: 1455454152}
    m_Modifications:
    - target: {fileID: 2851474586385547940, guid: adbb1a376f38f5c4ab0692c40982fbd8,
        type: 3}
      propertyPath: m_Name
      value: HingeDoor (1)
      objectReference: {fileID: 0}
    - target: {fileID: 2851474586385547941, guid: adbb1a376f38f5c4ab0692c40982fbd8,
        type: 3}
      propertyPath: m_LocalPosition.x
      value: -5.522006
      objectReference: {fileID: 0}
    - target: {fileID: 2851474586385547941, guid: adbb1a376f38f5c4ab0692c40982fbd8,
        type: 3}
      propertyPath: m_LocalPosition.y
      value: 0
      objectReference: {fileID: 0}
    - target: {fileID: 2851474586385547941, guid: adbb1a376f38f5c4ab0692c40982fbd8,
        type: 3}
      propertyPath: m_LocalPosition.z
      value: -2.2011728
      objectReference: {fileID: 0}
    - target: {fileID: 2851474586385547941, guid: adbb1a376f38f5c4ab0692c40982fbd8,
        type: 3}
      propertyPath: m_LocalRotation.x
      value: -0
      objectReference: {fileID: 0}
    - target: {fileID: 2851474586385547941, guid: adbb1a376f38f5c4ab0692c40982fbd8,
        type: 3}
      propertyPath: m_LocalRotation.y
      value: -1
      objectReference: {fileID: 0}
    - target: {fileID: 2851474586385547941, guid: adbb1a376f38f5c4ab0692c40982fbd8,
        type: 3}
      propertyPath: m_LocalRotation.z
      value: -0
      objectReference: {fileID: 0}
    - target: {fileID: 2851474586385547941, guid: adbb1a376f38f5c4ab0692c40982fbd8,
        type: 3}
      propertyPath: m_LocalRotation.w
      value: 0
      objectReference: {fileID: 0}
    - target: {fileID: 2851474586385547941, guid: adbb1a376f38f5c4ab0692c40982fbd8,
        type: 3}
      propertyPath: m_RootOrder
      value: 1
      objectReference: {fileID: 0}
    - target: {fileID: 2851474586385547941, guid: adbb1a376f38f5c4ab0692c40982fbd8,
        type: 3}
      propertyPath: m_LocalEulerAnglesHint.x
      value: 0
      objectReference: {fileID: 0}
    - target: {fileID: 2851474586385547941, guid: adbb1a376f38f5c4ab0692c40982fbd8,
        type: 3}
      propertyPath: m_LocalEulerAnglesHint.y
      value: -179.99998
      objectReference: {fileID: 0}
    - target: {fileID: 2851474586385547941, guid: adbb1a376f38f5c4ab0692c40982fbd8,
        type: 3}
      propertyPath: m_LocalEulerAnglesHint.z
      value: 0
      objectReference: {fileID: 0}
    - target: {fileID: 2851474587064522000, guid: adbb1a376f38f5c4ab0692c40982fbd8,
        type: 3}
      propertyPath: m_ConnectedAnchor.x
      value: 9.727994
      objectReference: {fileID: 0}
    - target: {fileID: 2851474587064522000, guid: adbb1a376f38f5c4ab0692c40982fbd8,
        type: 3}
      propertyPath: m_ConnectedAnchor.y
      value: 2
      objectReference: {fileID: 0}
    - target: {fileID: 2851474587064522000, guid: adbb1a376f38f5c4ab0692c40982fbd8,
        type: 3}
      propertyPath: m_ConnectedAnchor.z
      value: -15.201173
      objectReference: {fileID: 0}
    m_RemovedComponents: []
  m_SourcePrefab: {fileID: 100100000, guid: adbb1a376f38f5c4ab0692c40982fbd8, type: 3}
--- !u!4 &713258336 stripped
Transform:
  m_CorrespondingSourceObject: {fileID: 2851474586385547941, guid: adbb1a376f38f5c4ab0692c40982fbd8,
    type: 3}
  m_PrefabInstance: {fileID: 713258335}
  m_PrefabAsset: {fileID: 0}
--- !u!1001 &1007610968
PrefabInstance:
  m_ObjectHideFlags: 0
  serializedVersion: 2
  m_Modification:
    m_TransformParent: {fileID: 1455454152}
    m_Modifications:
    - target: {fileID: 7077369321857550522, guid: f547594334608324094dbbc72cd9314f,
        type: 3}
      propertyPath: m_Name
      value: Rails (3)
      objectReference: {fileID: 0}
    - target: {fileID: 6083382600540879529, guid: f547594334608324094dbbc72cd9314f,
        type: 3}
      propertyPath: m_LocalPosition.x
      value: -4
      objectReference: {fileID: 0}
    - target: {fileID: 6083382600540879529, guid: f547594334608324094dbbc72cd9314f,
        type: 3}
      propertyPath: m_LocalPosition.y
      value: 0
      objectReference: {fileID: 0}
    - target: {fileID: 6083382600540879529, guid: f547594334608324094dbbc72cd9314f,
        type: 3}
      propertyPath: m_LocalPosition.z
      value: -3
      objectReference: {fileID: 0}
    - target: {fileID: 6083382600540879529, guid: f547594334608324094dbbc72cd9314f,
        type: 3}
      propertyPath: m_LocalRotation.x
      value: -0
      objectReference: {fileID: 0}
    - target: {fileID: 6083382600540879529, guid: f547594334608324094dbbc72cd9314f,
        type: 3}
      propertyPath: m_LocalRotation.y
      value: -0
      objectReference: {fileID: 0}
    - target: {fileID: 6083382600540879529, guid: f547594334608324094dbbc72cd9314f,
        type: 3}
      propertyPath: m_LocalRotation.z
      value: -0
      objectReference: {fileID: 0}
    - target: {fileID: 6083382600540879529, guid: f547594334608324094dbbc72cd9314f,
        type: 3}
      propertyPath: m_LocalRotation.w
      value: 1
      objectReference: {fileID: 0}
    - target: {fileID: 6083382600540879529, guid: f547594334608324094dbbc72cd9314f,
        type: 3}
      propertyPath: m_RootOrder
      value: 4
      objectReference: {fileID: 0}
    - target: {fileID: 6083382600540879529, guid: f547594334608324094dbbc72cd9314f,
        type: 3}
      propertyPath: m_LocalEulerAnglesHint.x
      value: 0
      objectReference: {fileID: 0}
    - target: {fileID: 6083382600540879529, guid: f547594334608324094dbbc72cd9314f,
        type: 3}
      propertyPath: m_LocalEulerAnglesHint.y
      value: 0
      objectReference: {fileID: 0}
    - target: {fileID: 6083382600540879529, guid: f547594334608324094dbbc72cd9314f,
        type: 3}
      propertyPath: m_LocalEulerAnglesHint.z
      value: 0
      objectReference: {fileID: 0}
    m_RemovedComponents: []
  m_SourcePrefab: {fileID: 100100000, guid: f547594334608324094dbbc72cd9314f, type: 3}
--- !u!4 &1007610969 stripped
Transform:
  m_CorrespondingSourceObject: {fileID: 6083382600540879529, guid: f547594334608324094dbbc72cd9314f,
    type: 3}
  m_PrefabInstance: {fileID: 1007610968}
  m_PrefabAsset: {fileID: 0}
--- !u!1 &1022493371
GameObject:
  m_ObjectHideFlags: 0
  m_CorrespondingSourceObject: {fileID: 0}
  m_PrefabInstance: {fileID: 0}
  m_PrefabAsset: {fileID: 0}
  serializedVersion: 6
  m_Component:
  - component: {fileID: 1022493376}
  - component: {fileID: 1022493375}
  - component: {fileID: 1022493374}
  - component: {fileID: 1022493373}
  - component: {fileID: 1022493372}
  m_Layer: 13
  m_Name: Cube (1)
  m_TagString: Untagged
  m_Icon: {fileID: 0}
  m_NavMeshLayer: 0
  m_StaticEditorFlags: 0
  m_IsActive: 1
--- !u!54 &1022493372
Rigidbody:
  m_ObjectHideFlags: 0
  m_CorrespondingSourceObject: {fileID: 0}
  m_PrefabInstance: {fileID: 0}
  m_PrefabAsset: {fileID: 0}
  m_GameObject: {fileID: 1022493371}
  serializedVersion: 2
  m_Mass: 1
  m_Drag: 0
  m_AngularDrag: 0.05
  m_UseGravity: 1
  m_IsKinematic: 1
  m_Interpolate: 0
  m_Constraints: 0
  m_CollisionDetection: 0
--- !u!65 &1022493373
BoxCollider:
  m_ObjectHideFlags: 0
  m_CorrespondingSourceObject: {fileID: 0}
  m_PrefabInstance: {fileID: 0}
  m_PrefabAsset: {fileID: 0}
  m_GameObject: {fileID: 1022493371}
  m_Material: {fileID: 0}
  m_IsTrigger: 0
  m_Enabled: 1
  serializedVersion: 2
  m_Size: {x: 1, y: 1, z: 1}
  m_Center: {x: 0, y: 0, z: 0}
--- !u!23 &1022493374
MeshRenderer:
  m_ObjectHideFlags: 0
  m_CorrespondingSourceObject: {fileID: 0}
  m_PrefabInstance: {fileID: 0}
  m_PrefabAsset: {fileID: 0}
  m_GameObject: {fileID: 1022493371}
  m_Enabled: 1
  m_CastShadows: 1
  m_ReceiveShadows: 1
  m_DynamicOccludee: 1
  m_MotionVectors: 1
  m_LightProbeUsage: 1
  m_ReflectionProbeUsage: 1
  m_RenderingLayerMask: 1
  m_RendererPriority: 0
  m_Materials:
  - {fileID: 2100000, guid: 31321ba15b8f8eb4c954353edc038b1d, type: 2}
  m_StaticBatchInfo:
    firstSubMesh: 0
    subMeshCount: 0
  m_StaticBatchRoot: {fileID: 0}
  m_ProbeAnchor: {fileID: 0}
  m_LightProbeVolumeOverride: {fileID: 0}
  m_ScaleInLightmap: 1
  m_ReceiveGI: 1
  m_PreserveUVs: 0
  m_IgnoreNormalsForChartDetection: 0
  m_ImportantGI: 0
  m_StitchLightmapSeams: 1
  m_SelectedEditorRenderState: 3
  m_MinimumChartSize: 4
  m_AutoUVMaxDistance: 0.5
  m_AutoUVMaxAngle: 89
  m_LightmapParameters: {fileID: 0}
  m_SortingLayerID: 0
  m_SortingLayer: 0
  m_SortingOrder: 0
--- !u!33 &1022493375
MeshFilter:
  m_ObjectHideFlags: 0
  m_CorrespondingSourceObject: {fileID: 0}
  m_PrefabInstance: {fileID: 0}
  m_PrefabAsset: {fileID: 0}
  m_GameObject: {fileID: 1022493371}
  m_Mesh: {fileID: 10202, guid: 0000000000000000e000000000000000, type: 0}
--- !u!4 &1022493376
Transform:
  m_ObjectHideFlags: 0
  m_CorrespondingSourceObject: {fileID: 0}
  m_PrefabInstance: {fileID: 0}
  m_PrefabAsset: {fileID: 0}
  m_GameObject: {fileID: 1022493371}
  m_LocalRotation: {x: 0, y: 0, z: 0.13052616, w: 0.9914449}
  m_LocalPosition: {x: 0, y: 3, z: 0}
  m_LocalScale: {x: 1, y: 0.5, z: 1}
  m_Children: []
  m_Father: {fileID: 0}
  m_RootOrder: 8
  m_LocalEulerAnglesHint: {x: 0, y: 0, z: 15}
--- !u!1001 &1155937054
PrefabInstance:
  m_ObjectHideFlags: 0
  serializedVersion: 2
  m_Modification:
    m_TransformParent: {fileID: 0}
    m_Modifications:
    - target: {fileID: 7098684400582909629, guid: 387fee8fb7a0ee5418b70a3ba47babcd,
        type: 3}
      propertyPath: m_Name
      value: StasisBall (1)
      objectReference: {fileID: 0}
    - target: {fileID: 7098684400582909629, guid: 387fee8fb7a0ee5418b70a3ba47babcd,
        type: 3}
      propertyPath: m_IsActive
      value: 1
      objectReference: {fileID: 0}
    - target: {fileID: 7098684400582909626, guid: 387fee8fb7a0ee5418b70a3ba47babcd,
        type: 3}
      propertyPath: m_LocalPosition.x
      value: -3.51
      objectReference: {fileID: 0}
    - target: {fileID: 7098684400582909626, guid: 387fee8fb7a0ee5418b70a3ba47babcd,
        type: 3}
      propertyPath: m_LocalPosition.y
      value: 3.19
      objectReference: {fileID: 0}
    - target: {fileID: 7098684400582909626, guid: 387fee8fb7a0ee5418b70a3ba47babcd,
        type: 3}
      propertyPath: m_LocalPosition.z
      value: 13.49
      objectReference: {fileID: 0}
    - target: {fileID: 7098684400582909626, guid: 387fee8fb7a0ee5418b70a3ba47babcd,
        type: 3}
      propertyPath: m_LocalRotation.x
      value: 0
      objectReference: {fileID: 0}
    - target: {fileID: 7098684400582909626, guid: 387fee8fb7a0ee5418b70a3ba47babcd,
        type: 3}
      propertyPath: m_LocalRotation.y
      value: 0
      objectReference: {fileID: 0}
    - target: {fileID: 7098684400582909626, guid: 387fee8fb7a0ee5418b70a3ba47babcd,
        type: 3}
      propertyPath: m_LocalRotation.z
      value: 0
      objectReference: {fileID: 0}
    - target: {fileID: 7098684400582909626, guid: 387fee8fb7a0ee5418b70a3ba47babcd,
        type: 3}
      propertyPath: m_LocalRotation.w
      value: 1
      objectReference: {fileID: 0}
    - target: {fileID: 7098684400582909626, guid: 387fee8fb7a0ee5418b70a3ba47babcd,
        type: 3}
      propertyPath: m_RootOrder
      value: 5
      objectReference: {fileID: 0}
    - target: {fileID: 7098684400582909626, guid: 387fee8fb7a0ee5418b70a3ba47babcd,
        type: 3}
      propertyPath: m_LocalEulerAnglesHint.x
      value: 0
      objectReference: {fileID: 0}
    - target: {fileID: 7098684400582909626, guid: 387fee8fb7a0ee5418b70a3ba47babcd,
        type: 3}
      propertyPath: m_LocalEulerAnglesHint.y
      value: 0
      objectReference: {fileID: 0}
    - target: {fileID: 7098684400582909626, guid: 387fee8fb7a0ee5418b70a3ba47babcd,
        type: 3}
      propertyPath: m_LocalEulerAnglesHint.z
      value: 0
      objectReference: {fileID: 0}
    m_RemovedComponents: []
  m_SourcePrefab: {fileID: 100100000, guid: 387fee8fb7a0ee5418b70a3ba47babcd, type: 3}
--- !u!1001 &1157017409
PrefabInstance:
  m_ObjectHideFlags: 0
  serializedVersion: 2
  m_Modification:
    m_TransformParent: {fileID: 1455454152}
    m_Modifications:
    - target: {fileID: 7077369321857550522, guid: f547594334608324094dbbc72cd9314f,
        type: 3}
      propertyPath: m_Name
      value: Rails
      objectReference: {fileID: 0}
    - target: {fileID: 6083382600540879529, guid: f547594334608324094dbbc72cd9314f,
        type: 3}
      propertyPath: m_LocalPosition.x
      value: -4
      objectReference: {fileID: 0}
    - target: {fileID: 6083382600540879529, guid: f547594334608324094dbbc72cd9314f,
        type: 3}
      propertyPath: m_LocalPosition.y
      value: 0
      objectReference: {fileID: 0}
    - target: {fileID: 6083382600540879529, guid: f547594334608324094dbbc72cd9314f,
        type: 3}
      propertyPath: m_LocalPosition.z
      value: 3
      objectReference: {fileID: 0}
    - target: {fileID: 6083382600540879529, guid: f547594334608324094dbbc72cd9314f,
        type: 3}
      propertyPath: m_LocalRotation.x
      value: -0
      objectReference: {fileID: 0}
    - target: {fileID: 6083382600540879529, guid: f547594334608324094dbbc72cd9314f,
        type: 3}
      propertyPath: m_LocalRotation.y
      value: -0
      objectReference: {fileID: 0}
    - target: {fileID: 6083382600540879529, guid: f547594334608324094dbbc72cd9314f,
        type: 3}
      propertyPath: m_LocalRotation.z
      value: -0
      objectReference: {fileID: 0}
    - target: {fileID: 6083382600540879529, guid: f547594334608324094dbbc72cd9314f,
        type: 3}
      propertyPath: m_LocalRotation.w
      value: 1
      objectReference: {fileID: 0}
    - target: {fileID: 6083382600540879529, guid: f547594334608324094dbbc72cd9314f,
        type: 3}
      propertyPath: m_RootOrder
      value: 8
      objectReference: {fileID: 0}
    - target: {fileID: 6083382600540879529, guid: f547594334608324094dbbc72cd9314f,
        type: 3}
      propertyPath: m_LocalEulerAnglesHint.x
      value: 0
      objectReference: {fileID: 0}
    - target: {fileID: 6083382600540879529, guid: f547594334608324094dbbc72cd9314f,
        type: 3}
      propertyPath: m_LocalEulerAnglesHint.y
      value: 0
      objectReference: {fileID: 0}
    - target: {fileID: 6083382600540879529, guid: f547594334608324094dbbc72cd9314f,
        type: 3}
      propertyPath: m_LocalEulerAnglesHint.z
      value: 0
      objectReference: {fileID: 0}
    m_RemovedComponents: []
  m_SourcePrefab: {fileID: 100100000, guid: f547594334608324094dbbc72cd9314f, type: 3}
--- !u!4 &1157017410 stripped
Transform:
  m_CorrespondingSourceObject: {fileID: 6083382600540879529, guid: f547594334608324094dbbc72cd9314f,
    type: 3}
  m_PrefabInstance: {fileID: 1157017409}
  m_PrefabAsset: {fileID: 0}
--- !u!1001 &1164129654
PrefabInstance:
  m_ObjectHideFlags: 0
  serializedVersion: 2
  m_Modification:
    m_TransformParent: {fileID: 0}
    m_Modifications:
    - target: {fileID: 8583292696397428044, guid: efdf19b6e98b52d469b04ef50999d929,
        type: 3}
      propertyPath: m_Name
      value: Post-process Volume
      objectReference: {fileID: 0}
    - target: {fileID: 8583292696397428046, guid: efdf19b6e98b52d469b04ef50999d929,
        type: 3}
      propertyPath: m_LocalPosition.x
      value: 0
      objectReference: {fileID: 0}
    - target: {fileID: 8583292696397428046, guid: efdf19b6e98b52d469b04ef50999d929,
        type: 3}
      propertyPath: m_LocalPosition.y
      value: 0
      objectReference: {fileID: 0}
    - target: {fileID: 8583292696397428046, guid: efdf19b6e98b52d469b04ef50999d929,
        type: 3}
      propertyPath: m_LocalPosition.z
      value: 0
      objectReference: {fileID: 0}
    - target: {fileID: 8583292696397428046, guid: efdf19b6e98b52d469b04ef50999d929,
        type: 3}
      propertyPath: m_LocalRotation.x
      value: -0
      objectReference: {fileID: 0}
    - target: {fileID: 8583292696397428046, guid: efdf19b6e98b52d469b04ef50999d929,
        type: 3}
      propertyPath: m_LocalRotation.y
      value: -0
      objectReference: {fileID: 0}
    - target: {fileID: 8583292696397428046, guid: efdf19b6e98b52d469b04ef50999d929,
        type: 3}
      propertyPath: m_LocalRotation.z
      value: -0
      objectReference: {fileID: 0}
    - target: {fileID: 8583292696397428046, guid: efdf19b6e98b52d469b04ef50999d929,
        type: 3}
      propertyPath: m_LocalRotation.w
      value: 1
      objectReference: {fileID: 0}
    - target: {fileID: 8583292696397428046, guid: efdf19b6e98b52d469b04ef50999d929,
        type: 3}
      propertyPath: m_RootOrder
      value: 11
      objectReference: {fileID: 0}
    - target: {fileID: 8583292696397428046, guid: efdf19b6e98b52d469b04ef50999d929,
        type: 3}
      propertyPath: m_LocalEulerAnglesHint.x
      value: 0
      objectReference: {fileID: 0}
    - target: {fileID: 8583292696397428046, guid: efdf19b6e98b52d469b04ef50999d929,
        type: 3}
      propertyPath: m_LocalEulerAnglesHint.y
      value: 0
      objectReference: {fileID: 0}
    - target: {fileID: 8583292696397428046, guid: efdf19b6e98b52d469b04ef50999d929,
        type: 3}
      propertyPath: m_LocalEulerAnglesHint.z
      value: 0
      objectReference: {fileID: 0}
    m_RemovedComponents: []
  m_SourcePrefab: {fileID: 100100000, guid: efdf19b6e98b52d469b04ef50999d929, type: 3}
--- !u!1 &1284467827
GameObject:
  m_ObjectHideFlags: 0
  m_CorrespondingSourceObject: {fileID: 0}
  m_PrefabInstance: {fileID: 0}
  m_PrefabAsset: {fileID: 0}
  serializedVersion: 6
  m_Component:
  - component: {fileID: 1284467831}
  - component: {fileID: 1284467830}
  - component: {fileID: 1284467829}
  - component: {fileID: 1284467828}
  - component: {fileID: 1284467832}
  m_Layer: 0
  m_Name: Cube
  m_TagString: Untagged
  m_Icon: {fileID: 0}
  m_NavMeshLayer: 0
  m_StaticEditorFlags: 0
  m_IsActive: 1
--- !u!65 &1284467828
BoxCollider:
  m_ObjectHideFlags: 0
  m_CorrespondingSourceObject: {fileID: 0}
  m_PrefabInstance: {fileID: 0}
  m_PrefabAsset: {fileID: 0}
  m_GameObject: {fileID: 1284467827}
  m_Material: {fileID: 0}
  m_IsTrigger: 0
  m_Enabled: 1
  serializedVersion: 2
  m_Size: {x: 1, y: 1, z: 1}
  m_Center: {x: 0, y: 0, z: 0}
--- !u!23 &1284467829
MeshRenderer:
  m_ObjectHideFlags: 0
  m_CorrespondingSourceObject: {fileID: 0}
  m_PrefabInstance: {fileID: 0}
  m_PrefabAsset: {fileID: 0}
  m_GameObject: {fileID: 1284467827}
  m_Enabled: 1
  m_CastShadows: 1
  m_ReceiveShadows: 1
  m_DynamicOccludee: 1
  m_MotionVectors: 1
  m_LightProbeUsage: 1
  m_ReflectionProbeUsage: 1
  m_RenderingLayerMask: 1
  m_RendererPriority: 0
  m_Materials:
  - {fileID: 2100000, guid: 31321ba15b8f8eb4c954353edc038b1d, type: 2}
  m_StaticBatchInfo:
    firstSubMesh: 0
    subMeshCount: 0
  m_StaticBatchRoot: {fileID: 0}
  m_ProbeAnchor: {fileID: 0}
  m_LightProbeVolumeOverride: {fileID: 0}
  m_ScaleInLightmap: 1
  m_ReceiveGI: 1
  m_PreserveUVs: 0
  m_IgnoreNormalsForChartDetection: 0
  m_ImportantGI: 0
  m_StitchLightmapSeams: 1
  m_SelectedEditorRenderState: 3
  m_MinimumChartSize: 4
  m_AutoUVMaxDistance: 0.5
  m_AutoUVMaxAngle: 89
  m_LightmapParameters: {fileID: 0}
  m_SortingLayerID: 0
  m_SortingLayer: 0
  m_SortingOrder: 0
--- !u!33 &1284467830
MeshFilter:
  m_ObjectHideFlags: 0
  m_CorrespondingSourceObject: {fileID: 0}
  m_PrefabInstance: {fileID: 0}
  m_PrefabAsset: {fileID: 0}
  m_GameObject: {fileID: 1284467827}
  m_Mesh: {fileID: 10202, guid: 0000000000000000e000000000000000, type: 0}
--- !u!4 &1284467831
Transform:
  m_ObjectHideFlags: 0
  m_CorrespondingSourceObject: {fileID: 0}
  m_PrefabInstance: {fileID: 0}
  m_PrefabAsset: {fileID: 0}
  m_GameObject: {fileID: 1284467827}
  m_LocalRotation: {x: -0, y: 0.15759109, z: -0, w: 0.9875045}
  m_LocalPosition: {x: 7.37, y: 1.63, z: 21.46}
  m_LocalScale: {x: 3.9924, y: 7.9848, z: 3.9924}
  m_Children: []
  m_Father: {fileID: 0}
  m_RootOrder: 6
  m_LocalEulerAnglesHint: {x: 0, y: 18.134, z: 0}
--- !u!54 &1284467832
Rigidbody:
  m_ObjectHideFlags: 0
  m_CorrespondingSourceObject: {fileID: 0}
  m_PrefabInstance: {fileID: 0}
  m_PrefabAsset: {fileID: 0}
  m_GameObject: {fileID: 1284467827}
  serializedVersion: 2
  m_Mass: 1
  m_Drag: 0
  m_AngularDrag: 0.05
  m_UseGravity: 1
  m_IsKinematic: 1
  m_Interpolate: 0
  m_Constraints: 0
  m_CollisionDetection: 0
--- !u!1001 &1326842697
PrefabInstance:
  m_ObjectHideFlags: 0
  serializedVersion: 2
  m_Modification:
    m_TransformParent: {fileID: 1455454152}
    m_Modifications:
    - target: {fileID: 7621944879826123496, guid: 3f8391f5205120246bb38b8be7e65b8c,
        type: 3}
      propertyPath: m_Name
      value: Railstop (1)
      objectReference: {fileID: 0}
    - target: {fileID: 6889891311117289723, guid: 3f8391f5205120246bb38b8be7e65b8c,
        type: 3}
      propertyPath: m_LocalPosition.x
      value: -4
      objectReference: {fileID: 0}
    - target: {fileID: 6889891311117289723, guid: 3f8391f5205120246bb38b8be7e65b8c,
        type: 3}
      propertyPath: m_LocalPosition.y
      value: 0
      objectReference: {fileID: 0}
    - target: {fileID: 6889891311117289723, guid: 3f8391f5205120246bb38b8be7e65b8c,
        type: 3}
      propertyPath: m_LocalPosition.z
      value: 5
      objectReference: {fileID: 0}
    - target: {fileID: 6889891311117289723, guid: 3f8391f5205120246bb38b8be7e65b8c,
        type: 3}
      propertyPath: m_LocalRotation.x
      value: -0
      objectReference: {fileID: 0}
    - target: {fileID: 6889891311117289723, guid: 3f8391f5205120246bb38b8be7e65b8c,
        type: 3}
      propertyPath: m_LocalRotation.y
      value: -1
      objectReference: {fileID: 0}
    - target: {fileID: 6889891311117289723, guid: 3f8391f5205120246bb38b8be7e65b8c,
        type: 3}
      propertyPath: m_LocalRotation.z
      value: -0
      objectReference: {fileID: 0}
    - target: {fileID: 6889891311117289723, guid: 3f8391f5205120246bb38b8be7e65b8c,
        type: 3}
      propertyPath: m_LocalRotation.w
      value: 0.00000016391276
      objectReference: {fileID: 0}
    - target: {fileID: 6889891311117289723, guid: 3f8391f5205120246bb38b8be7e65b8c,
        type: 3}
      propertyPath: m_RootOrder
      value: 6
      objectReference: {fileID: 0}
    - target: {fileID: 6889891311117289723, guid: 3f8391f5205120246bb38b8be7e65b8c,
        type: 3}
      propertyPath: m_LocalEulerAnglesHint.x
      value: 0
      objectReference: {fileID: 0}
    - target: {fileID: 6889891311117289723, guid: 3f8391f5205120246bb38b8be7e65b8c,
        type: 3}
      propertyPath: m_LocalEulerAnglesHint.y
      value: -180.00002
      objectReference: {fileID: 0}
    - target: {fileID: 6889891311117289723, guid: 3f8391f5205120246bb38b8be7e65b8c,
        type: 3}
      propertyPath: m_LocalEulerAnglesHint.z
      value: 0
      objectReference: {fileID: 0}
    m_RemovedComponents: []
  m_SourcePrefab: {fileID: 100100000, guid: 3f8391f5205120246bb38b8be7e65b8c, type: 3}
--- !u!4 &1326842698 stripped
Transform:
  m_CorrespondingSourceObject: {fileID: 6889891311117289723, guid: 3f8391f5205120246bb38b8be7e65b8c,
    type: 3}
  m_PrefabInstance: {fileID: 1326842697}
  m_PrefabAsset: {fileID: 0}
--- !u!1001 &1334724615
PrefabInstance:
  m_ObjectHideFlags: 0
  serializedVersion: 2
  m_Modification:
    m_TransformParent: {fileID: 0}
    m_Modifications:
    - target: {fileID: 7098684400582909629, guid: 387fee8fb7a0ee5418b70a3ba47babcd,
        type: 3}
      propertyPath: m_Name
      value: StasisBall
      objectReference: {fileID: 0}
    - target: {fileID: 7098684400582909629, guid: 387fee8fb7a0ee5418b70a3ba47babcd,
        type: 3}
      propertyPath: m_IsActive
      value: 1
      objectReference: {fileID: 0}
    - target: {fileID: 7098684400582909626, guid: 387fee8fb7a0ee5418b70a3ba47babcd,
        type: 3}
      propertyPath: m_LocalPosition.x
      value: 4.2
      objectReference: {fileID: 0}
    - target: {fileID: 7098684400582909626, guid: 387fee8fb7a0ee5418b70a3ba47babcd,
        type: 3}
      propertyPath: m_LocalPosition.y
      value: 0.97
      objectReference: {fileID: 0}
    - target: {fileID: 7098684400582909626, guid: 387fee8fb7a0ee5418b70a3ba47babcd,
        type: 3}
      propertyPath: m_LocalPosition.z
      value: -1.14
      objectReference: {fileID: 0}
    - target: {fileID: 7098684400582909626, guid: 387fee8fb7a0ee5418b70a3ba47babcd,
        type: 3}
      propertyPath: m_LocalRotation.x
      value: 0
      objectReference: {fileID: 0}
    - target: {fileID: 7098684400582909626, guid: 387fee8fb7a0ee5418b70a3ba47babcd,
        type: 3}
      propertyPath: m_LocalRotation.y
      value: 0
      objectReference: {fileID: 0}
    - target: {fileID: 7098684400582909626, guid: 387fee8fb7a0ee5418b70a3ba47babcd,
        type: 3}
      propertyPath: m_LocalRotation.z
      value: 0
      objectReference: {fileID: 0}
    - target: {fileID: 7098684400582909626, guid: 387fee8fb7a0ee5418b70a3ba47babcd,
        type: 3}
      propertyPath: m_LocalRotation.w
      value: 1
      objectReference: {fileID: 0}
    - target: {fileID: 7098684400582909626, guid: 387fee8fb7a0ee5418b70a3ba47babcd,
        type: 3}
      propertyPath: m_RootOrder
      value: 4
      objectReference: {fileID: 0}
    - target: {fileID: 7098684400582909626, guid: 387fee8fb7a0ee5418b70a3ba47babcd,
        type: 3}
      propertyPath: m_LocalEulerAnglesHint.x
      value: 0
      objectReference: {fileID: 0}
    - target: {fileID: 7098684400582909626, guid: 387fee8fb7a0ee5418b70a3ba47babcd,
        type: 3}
      propertyPath: m_LocalEulerAnglesHint.y
      value: 0
      objectReference: {fileID: 0}
    - target: {fileID: 7098684400582909626, guid: 387fee8fb7a0ee5418b70a3ba47babcd,
        type: 3}
      propertyPath: m_LocalEulerAnglesHint.z
      value: 0
      objectReference: {fileID: 0}
    m_RemovedComponents: []
  m_SourcePrefab: {fileID: 100100000, guid: 387fee8fb7a0ee5418b70a3ba47babcd, type: 3}
--- !u!1 &1434808814
GameObject:
  m_ObjectHideFlags: 0
  m_CorrespondingSourceObject: {fileID: 0}
  m_PrefabInstance: {fileID: 0}
  m_PrefabAsset: {fileID: 0}
  serializedVersion: 6
  m_Component:
  - component: {fileID: 1434808816}
  - component: {fileID: 1434808815}
  m_Layer: 0
  m_Name: Directional Light
  m_TagString: Untagged
  m_Icon: {fileID: 0}
  m_NavMeshLayer: 0
  m_StaticEditorFlags: 0
  m_IsActive: 1
--- !u!108 &1434808815
Light:
  m_ObjectHideFlags: 0
  m_CorrespondingSourceObject: {fileID: 0}
  m_PrefabInstance: {fileID: 0}
  m_PrefabAsset: {fileID: 0}
  m_GameObject: {fileID: 1434808814}
  m_Enabled: 1
  serializedVersion: 9
  m_Type: 1
  m_Color: {r: 1, g: 0.95686275, b: 0.8392157, a: 1}
  m_Intensity: 1
  m_Range: 10
  m_SpotAngle: 30
  m_InnerSpotAngle: 21.80208
  m_CookieSize: 10
  m_Shadows:
    m_Type: 2
    m_Resolution: -1
    m_CustomResolution: -1
    m_Strength: 1
    m_Bias: 0.05
    m_NormalBias: 0.4
    m_NearPlane: 0.2
    m_CullingMatrixOverride:
      e00: 1
      e01: 0
      e02: 0
      e03: 0
      e10: 0
      e11: 1
      e12: 0
      e13: 0
      e20: 0
      e21: 0
      e22: 1
      e23: 0
      e30: 0
      e31: 0
      e32: 0
      e33: 1
    m_UseCullingMatrixOverride: 0
  m_Cookie: {fileID: 0}
  m_DrawHalo: 0
  m_Flare: {fileID: 0}
  m_RenderMode: 0
  m_CullingMask:
    serializedVersion: 2
    m_Bits: 4294967295
  m_RenderingLayerMask: 1
  m_Lightmapping: 4
  m_LightShadowCasterMode: 0
  m_AreaSize: {x: 1, y: 1}
  m_BounceIntensity: 1
  m_ColorTemperature: 6570
  m_UseColorTemperature: 0
  m_BoundingSphereOverride: {x: 0, y: 0, z: 0, w: 0}
  m_UseBoundingSphereOverride: 0
  m_ShadowRadius: 0
  m_ShadowAngle: 0
--- !u!4 &1434808816
Transform:
  m_ObjectHideFlags: 0
  m_CorrespondingSourceObject: {fileID: 0}
  m_PrefabInstance: {fileID: 0}
  m_PrefabAsset: {fileID: 0}
  m_GameObject: {fileID: 1434808814}
  m_LocalRotation: {x: 0.40821788, y: -0.23456968, z: 0.10938163, w: 0.8754261}
  m_LocalPosition: {x: 0, y: 3, z: 0}
  m_LocalScale: {x: 1, y: 1, z: 1}
  m_Children: []
  m_Father: {fileID: 0}
  m_RootOrder: 0
  m_LocalEulerAnglesHint: {x: 50, y: -30, z: 0}
--- !u!1 &1455454151
GameObject:
  m_ObjectHideFlags: 0
  m_CorrespondingSourceObject: {fileID: 0}
  m_PrefabInstance: {fileID: 0}
  m_PrefabAsset: {fileID: 0}
  serializedVersion: 6
  m_Component:
  - component: {fileID: 1455454152}
  m_Layer: 0
  m_Name: RailSample
  m_TagString: Untagged
  m_Icon: {fileID: 0}
  m_NavMeshLayer: 0
  m_StaticEditorFlags: 0
  m_IsActive: 1
--- !u!4 &1455454152
Transform:
  m_ObjectHideFlags: 0
  m_CorrespondingSourceObject: {fileID: 0}
  m_PrefabInstance: {fileID: 0}
  m_PrefabAsset: {fileID: 0}
  m_GameObject: {fileID: 1455454151}
  m_LocalRotation: {x: 0, y: 0, z: 0, w: 1}
  m_LocalPosition: {x: 15, y: 0, z: -13}
  m_LocalScale: {x: 1, y: 1, z: 1}
  m_Children:
  - {fileID: 439833309}
  - {fileID: 713258336}
  - {fileID: 406030534}
  - {fileID: 2111746775}
  - {fileID: 1007610969}
  - {fileID: 613026042}
  - {fileID: 1326842698}
  - {fileID: 1808777233}
  - {fileID: 1157017410}
  - {fileID: 273730859}
  m_Father: {fileID: 0}
  m_RootOrder: 13
  m_LocalEulerAnglesHint: {x: 0, y: 0, z: 0}
--- !u!1001 &1587066789
PrefabInstance:
  m_ObjectHideFlags: 0
  serializedVersion: 2
  m_Modification:
    m_TransformParent: {fileID: 0}
    m_Modifications:
    - target: {fileID: 4750160279528232938, guid: 37fe3c488130ad644be409b75fbb854b,
        type: 3}
      propertyPath: m_Name
      value: Player
      objectReference: {fileID: 0}
    - target: {fileID: 4750160279528232934, guid: 37fe3c488130ad644be409b75fbb854b,
        type: 3}
      propertyPath: m_LocalPosition.x
      value: 0.9884949
      objectReference: {fileID: 0}
    - target: {fileID: 4750160279528232934, guid: 37fe3c488130ad644be409b75fbb854b,
        type: 3}
      propertyPath: m_LocalPosition.y
      value: 0
      objectReference: {fileID: 0}
    - target: {fileID: 4750160279528232934, guid: 37fe3c488130ad644be409b75fbb854b,
        type: 3}
      propertyPath: m_LocalPosition.z
      value: -1.6769714
      objectReference: {fileID: 0}
    - target: {fileID: 4750160279528232934, guid: 37fe3c488130ad644be409b75fbb854b,
        type: 3}
      propertyPath: m_LocalRotation.x
      value: 0
      objectReference: {fileID: 0}
    - target: {fileID: 4750160279528232934, guid: 37fe3c488130ad644be409b75fbb854b,
        type: 3}
      propertyPath: m_LocalRotation.y
      value: 0
      objectReference: {fileID: 0}
    - target: {fileID: 4750160279528232934, guid: 37fe3c488130ad644be409b75fbb854b,
        type: 3}
      propertyPath: m_LocalRotation.z
      value: 0
      objectReference: {fileID: 0}
    - target: {fileID: 4750160279528232934, guid: 37fe3c488130ad644be409b75fbb854b,
        type: 3}
      propertyPath: m_LocalRotation.w
      value: 1
      objectReference: {fileID: 0}
    - target: {fileID: 4750160279528232934, guid: 37fe3c488130ad644be409b75fbb854b,
        type: 3}
      propertyPath: m_RootOrder
      value: 1
      objectReference: {fileID: 0}
    - target: {fileID: 4750160279528232934, guid: 37fe3c488130ad644be409b75fbb854b,
        type: 3}
      propertyPath: m_LocalEulerAnglesHint.x
      value: 0
      objectReference: {fileID: 0}
    - target: {fileID: 4750160279528232934, guid: 37fe3c488130ad644be409b75fbb854b,
        type: 3}
      propertyPath: m_LocalEulerAnglesHint.y
      value: 0
      objectReference: {fileID: 0}
    - target: {fileID: 4750160279528232934, guid: 37fe3c488130ad644be409b75fbb854b,
        type: 3}
      propertyPath: m_LocalEulerAnglesHint.z
      value: 0
      objectReference: {fileID: 0}
    - target: {fileID: 4750160278291447321, guid: 37fe3c488130ad644be409b75fbb854b,
        type: 3}
      propertyPath: m_LocalRotation.x
      value: -0.1005944
      objectReference: {fileID: 0}
    - target: {fileID: 4750160278291447321, guid: 37fe3c488130ad644be409b75fbb854b,
        type: 3}
      propertyPath: m_LocalRotation.w
      value: 0.9949275
      objectReference: {fileID: 0}
    - target: {fileID: 4750160278291447321, guid: 37fe3c488130ad644be409b75fbb854b,
        type: 3}
      propertyPath: m_LocalPosition.x
      value: 0.69999886
      objectReference: {fileID: 0}
    - target: {fileID: 4750160278291447321, guid: 37fe3c488130ad644be409b75fbb854b,
        type: 3}
      propertyPath: m_LocalPosition.y
      value: 1.001242
      objectReference: {fileID: 0}
    - target: {fileID: 4750160278291447321, guid: 37fe3c488130ad644be409b75fbb854b,
        type: 3}
      propertyPath: m_LocalPosition.z
      value: -3.0002537
      objectReference: {fileID: 0}
    - target: {fileID: 4750160278291447321, guid: 37fe3c488130ad644be409b75fbb854b,
        type: 3}
      propertyPath: m_LocalRotation.y
      value: 1.4478103e-11
      objectReference: {fileID: 0}
    - target: {fileID: 4750160278291447321, guid: 37fe3c488130ad644be409b75fbb854b,
        type: 3}
      propertyPath: m_LocalRotation.z
      value: 1.4638413e-12
      objectReference: {fileID: 0}
    - target: {fileID: 6738242568761790047, guid: 37fe3c488130ad644be409b75fbb854b,
        type: 3}
      propertyPath: m_LocalRotation.x
      value: 0.10059435
      objectReference: {fileID: 0}
    - target: {fileID: 6738242568761790047, guid: 37fe3c488130ad644be409b75fbb854b,
        type: 3}
      propertyPath: m_LocalRotation.w
      value: -0.99492717
      objectReference: {fileID: 0}
    - target: {fileID: 6738242568761790047, guid: 37fe3c488130ad644be409b75fbb854b,
        type: 3}
      propertyPath: m_LocalRotation.y
      value: -0.000091090296
      objectReference: {fileID: 0}
    - target: {fileID: 6738242568761790047, guid: 37fe3c488130ad644be409b75fbb854b,
        type: 3}
      propertyPath: m_LocalRotation.z
      value: -0.000900927
      objectReference: {fileID: 0}
    - target: {fileID: 6738242567628939584, guid: 37fe3c488130ad644be409b75fbb854b,
        type: 3}
      propertyPath: m_LocalRotation.x
      value: 0.11862727
      objectReference: {fileID: 0}
    - target: {fileID: 6738242567628939584, guid: 37fe3c488130ad644be409b75fbb854b,
        type: 3}
      propertyPath: m_LocalRotation.w
      value: -0.9929389
      objectReference: {fileID: 0}
    - target: {fileID: 6738242567628939584, guid: 37fe3c488130ad644be409b75fbb854b,
        type: 3}
      propertyPath: m_LocalRotation.y
      value: -0.000006071025
      objectReference: {fileID: 0}
    - target: {fileID: 6738242567628939584, guid: 37fe3c488130ad644be409b75fbb854b,
        type: 3}
      propertyPath: m_LocalRotation.z
      value: -0.00005096124
      objectReference: {fileID: 0}
    - target: {fileID: 6738242568392796499, guid: 37fe3c488130ad644be409b75fbb854b,
        type: 3}
      propertyPath: m_LocalPosition.x
      value: 0
      objectReference: {fileID: 0}
    - target: {fileID: 6738242568953008434, guid: 37fe3c488130ad644be409b75fbb854b,
        type: 3}
      propertyPath: m_LocalRotation.x
      value: -0.0824805
      objectReference: {fileID: 0}
    - target: {fileID: 6738242568953008434, guid: 37fe3c488130ad644be409b75fbb854b,
        type: 3}
      propertyPath: m_LocalRotation.y
      value: 0.00000002242959
      objectReference: {fileID: 0}
    - target: {fileID: 6738242568953008434, guid: 37fe3c488130ad644be409b75fbb854b,
        type: 3}
      propertyPath: m_LocalRotation.z
      value: -0.000000003093823
      objectReference: {fileID: 0}
    - target: {fileID: 6738242568953008434, guid: 37fe3c488130ad644be409b75fbb854b,
        type: 3}
      propertyPath: m_LocalRotation.w
      value: 0.99659276
      objectReference: {fileID: 0}
    - target: {fileID: 6738242568953008434, guid: 37fe3c488130ad644be409b75fbb854b,
        type: 3}
      propertyPath: m_LocalPosition.x
      value: 0
      objectReference: {fileID: 0}
    - target: {fileID: 6738242568953008434, guid: 37fe3c488130ad644be409b75fbb854b,
        type: 3}
      propertyPath: m_LocalPosition.y
      value: 0
      objectReference: {fileID: 0}
    - target: {fileID: 6738242568953008434, guid: 37fe3c488130ad644be409b75fbb854b,
        type: 3}
      propertyPath: m_LocalPosition.z
      value: 0
      objectReference: {fileID: 0}
    - target: {fileID: 4750160278389716758, guid: 37fe3c488130ad644be409b75fbb854b,
        type: 3}
      propertyPath: m_ConnectedAnchor.x
      value: 0.000000023902587
      objectReference: {fileID: 0}
    - target: {fileID: 4750160278389716758, guid: 37fe3c488130ad644be409b75fbb854b,
        type: 3}
      propertyPath: m_ConnectedAnchor.z
      value: -0.012273319
      objectReference: {fileID: 0}
    - target: {fileID: 4750160278709448996, guid: 37fe3c488130ad644be409b75fbb854b,
        type: 3}
      propertyPath: m_ConnectedAnchor.z
      value: -0.0005537373
      objectReference: {fileID: 0}
    - target: {fileID: 4750160279384367324, guid: 37fe3c488130ad644be409b75fbb854b,
        type: 3}
      propertyPath: m_ConnectedAnchor.x
      value: 0.09124457
      objectReference: {fileID: 0}
    - target: {fileID: 4750160279384367324, guid: 37fe3c488130ad644be409b75fbb854b,
        type: 3}
      propertyPath: m_ConnectedAnchor.z
      value: -0.0005537323
      objectReference: {fileID: 0}
    - target: {fileID: 4750160278384277798, guid: 37fe3c488130ad644be409b75fbb854b,
        type: 3}
      propertyPath: m_ConnectedAnchor.x
      value: -0.0024468284
      objectReference: {fileID: 0}
    - target: {fileID: 4750160278384277798, guid: 37fe3c488130ad644be409b75fbb854b,
        type: 3}
      propertyPath: m_ConnectedAnchor.z
      value: -0.005170459
      objectReference: {fileID: 0}
    - target: {fileID: 4750160279890953626, guid: 37fe3c488130ad644be409b75fbb854b,
        type: 3}
      propertyPath: m_ConnectedAnchor.x
      value: 0.00244681
      objectReference: {fileID: 0}
    - target: {fileID: 4750160279890953626, guid: 37fe3c488130ad644be409b75fbb854b,
        type: 3}
      propertyPath: m_ConnectedAnchor.z
      value: -0.0051452597
      objectReference: {fileID: 0}
    - target: {fileID: 4750160278534809549, guid: 37fe3c488130ad644be409b75fbb854b,
        type: 3}
      propertyPath: m_ConnectedAnchor.x
      value: 0.00000020836397
      objectReference: {fileID: 0}
    - target: {fileID: 4750160278534809549, guid: 37fe3c488130ad644be409b75fbb854b,
        type: 3}
      propertyPath: m_ConnectedAnchor.z
      value: 0.008865266
      objectReference: {fileID: 0}
    - target: {fileID: 4750160278783918512, guid: 37fe3c488130ad644be409b75fbb854b,
        type: 3}
      propertyPath: m_ConnectedAnchor.x
      value: -0.18760811
      objectReference: {fileID: 0}
    - target: {fileID: 4750160278783918512, guid: 37fe3c488130ad644be409b75fbb854b,
        type: 3}
      propertyPath: m_ConnectedAnchor.z
      value: -0.049441665
      objectReference: {fileID: 0}
    - target: {fileID: 4750160279337054968, guid: 37fe3c488130ad644be409b75fbb854b,
        type: 3}
      propertyPath: m_ConnectedAnchor.z
      value: -0.049441308
      objectReference: {fileID: 0}
    - target: {fileID: 4750160278813633229, guid: 37fe3c488130ad644be409b75fbb854b,
        type: 3}
      propertyPath: m_ConnectedAnchor.x
      value: 0.2740469
      objectReference: {fileID: 0}
    - target: {fileID: 4750160278813633229, guid: 37fe3c488130ad644be409b75fbb854b,
        type: 3}
      propertyPath: m_ConnectedAnchor.z
      value: 0.000000024214376
      objectReference: {fileID: 0}
    - target: {fileID: 4750160280103275698, guid: 37fe3c488130ad644be409b75fbb854b,
        type: 3}
      propertyPath: m_ConnectedAnchor.z
      value: 0.000000054016674
      objectReference: {fileID: 0}
    - target: {fileID: 5727194584863812390, guid: 37fe3c488130ad644be409b75fbb854b,
        type: 3}
      propertyPath: m_LocalRotation.x
      value: 0.008072322
      objectReference: {fileID: 0}
    - target: {fileID: 5727194584863812390, guid: 37fe3c488130ad644be409b75fbb854b,
        type: 3}
      propertyPath: m_LocalRotation.w
      value: -0.07788265
      objectReference: {fileID: 0}
    - target: {fileID: 5727194584863812390, guid: 37fe3c488130ad644be409b75fbb854b,
        type: 3}
      propertyPath: m_LocalRotation.y
      value: 0.9918745
      objectReference: {fileID: 0}
    - target: {fileID: 5727194584863812390, guid: 37fe3c488130ad644be409b75fbb854b,
        type: 3}
      propertyPath: m_LocalRotation.z
      value: 0.10027018
      objectReference: {fileID: 0}
    - target: {fileID: 5727194586818741305, guid: 37fe3c488130ad644be409b75fbb854b,
        type: 3}
      propertyPath: m_LocalRotation.x
      value: 0.009294921
      objectReference: {fileID: 0}
    - target: {fileID: 5727194586818741305, guid: 37fe3c488130ad644be409b75fbb854b,
        type: 3}
      propertyPath: m_LocalRotation.w
      value: -0.077708155
      objectReference: {fileID: 0}
    - target: {fileID: 5727194586818741305, guid: 37fe3c488130ad644be409b75fbb854b,
        type: 3}
      propertyPath: m_LocalRotation.y
      value: 0.98989344
      objectReference: {fileID: 0}
    - target: {fileID: 5727194586818741305, guid: 37fe3c488130ad644be409b75fbb854b,
        type: 3}
      propertyPath: m_LocalRotation.z
      value: 0.11826257
      objectReference: {fileID: 0}
    - target: {fileID: 5727194585501305898, guid: 37fe3c488130ad644be409b75fbb854b,
        type: 3}
      propertyPath: m_LocalPosition.x
      value: 0.46811628
      objectReference: {fileID: 0}
    - target: {fileID: 5727194584957809739, guid: 37fe3c488130ad644be409b75fbb854b,
        type: 3}
      propertyPath: m_LocalRotation.x
      value: -0.006454872
      objectReference: {fileID: 0}
    - target: {fileID: 5727194584957809739, guid: 37fe3c488130ad644be409b75fbb854b,
        type: 3}
      propertyPath: m_LocalRotation.y
      value: -0.99353623
      objectReference: {fileID: 0}
    - target: {fileID: 5727194584957809739, guid: 37fe3c488130ad644be409b75fbb854b,
        type: 3}
      propertyPath: m_LocalRotation.z
      value: -0.08222756
      objectReference: {fileID: 0}
    - target: {fileID: 5727194584957809739, guid: 37fe3c488130ad644be409b75fbb854b,
        type: 3}
      propertyPath: m_LocalRotation.w
      value: 0.07799276
      objectReference: {fileID: 0}
    - target: {fileID: 5727194584957809739, guid: 37fe3c488130ad644be409b75fbb854b,
        type: 3}
      propertyPath: m_LocalPosition.x
      value: 0
      objectReference: {fileID: 0}
    - target: {fileID: 5727194584957809739, guid: 37fe3c488130ad644be409b75fbb854b,
        type: 3}
      propertyPath: m_LocalPosition.y
      value: 0
      objectReference: {fileID: 0}
    - target: {fileID: 5727194584957809739, guid: 37fe3c488130ad644be409b75fbb854b,
        type: 3}
      propertyPath: m_LocalPosition.z
      value: 0
      objectReference: {fileID: 0}
    m_RemovedComponents: []
  m_SourcePrefab: {fileID: 100100000, guid: 37fe3c488130ad644be409b75fbb854b, type: 3}
--- !u!1001 &1808777232
PrefabInstance:
  m_ObjectHideFlags: 0
  serializedVersion: 2
  m_Modification:
    m_TransformParent: {fileID: 1455454152}
    m_Modifications:
    - target: {fileID: 7621944879826123496, guid: 3f8391f5205120246bb38b8be7e65b8c,
        type: 3}
      propertyPath: m_Name
      value: Railstop
      objectReference: {fileID: 0}
    - target: {fileID: 6889891311117289723, guid: 3f8391f5205120246bb38b8be7e65b8c,
        type: 3}
      propertyPath: m_LocalPosition.x
      value: -4
      objectReference: {fileID: 0}
    - target: {fileID: 6889891311117289723, guid: 3f8391f5205120246bb38b8be7e65b8c,
        type: 3}
      propertyPath: m_LocalPosition.y
      value: 0
      objectReference: {fileID: 0}
    - target: {fileID: 6889891311117289723, guid: 3f8391f5205120246bb38b8be7e65b8c,
        type: 3}
      propertyPath: m_LocalPosition.z
      value: -7
      objectReference: {fileID: 0}
    - target: {fileID: 6889891311117289723, guid: 3f8391f5205120246bb38b8be7e65b8c,
        type: 3}
      propertyPath: m_LocalRotation.x
      value: -0
      objectReference: {fileID: 0}
    - target: {fileID: 6889891311117289723, guid: 3f8391f5205120246bb38b8be7e65b8c,
        type: 3}
      propertyPath: m_LocalRotation.y
      value: -0
      objectReference: {fileID: 0}
    - target: {fileID: 6889891311117289723, guid: 3f8391f5205120246bb38b8be7e65b8c,
        type: 3}
      propertyPath: m_LocalRotation.z
      value: -0
      objectReference: {fileID: 0}
    - target: {fileID: 6889891311117289723, guid: 3f8391f5205120246bb38b8be7e65b8c,
        type: 3}
      propertyPath: m_LocalRotation.w
      value: 1
      objectReference: {fileID: 0}
    - target: {fileID: 6889891311117289723, guid: 3f8391f5205120246bb38b8be7e65b8c,
        type: 3}
      propertyPath: m_RootOrder
      value: 7
      objectReference: {fileID: 0}
    - target: {fileID: 6889891311117289723, guid: 3f8391f5205120246bb38b8be7e65b8c,
        type: 3}
      propertyPath: m_LocalEulerAnglesHint.x
      value: 0
      objectReference: {fileID: 0}
    - target: {fileID: 6889891311117289723, guid: 3f8391f5205120246bb38b8be7e65b8c,
        type: 3}
      propertyPath: m_LocalEulerAnglesHint.y
      value: 0
      objectReference: {fileID: 0}
    - target: {fileID: 6889891311117289723, guid: 3f8391f5205120246bb38b8be7e65b8c,
        type: 3}
      propertyPath: m_LocalEulerAnglesHint.z
      value: 0
      objectReference: {fileID: 0}
    m_RemovedComponents: []
  m_SourcePrefab: {fileID: 100100000, guid: 3f8391f5205120246bb38b8be7e65b8c, type: 3}
--- !u!4 &1808777233 stripped
Transform:
  m_CorrespondingSourceObject: {fileID: 6889891311117289723, guid: 3f8391f5205120246bb38b8be7e65b8c,
    type: 3}
  m_PrefabInstance: {fileID: 1808777232}
  m_PrefabAsset: {fileID: 0}
--- !u!1 &1827171612
GameObject:
  m_ObjectHideFlags: 0
  m_CorrespondingSourceObject: {fileID: 0}
  m_PrefabInstance: {fileID: 0}
  m_PrefabAsset: {fileID: 0}
  serializedVersion: 6
  m_Component:
  - component: {fileID: 1827171615}
  - component: {fileID: 1827171614}
  - component: {fileID: 1827171613}
  m_Layer: 13
  m_Name: Ground
  m_TagString: Untagged
  m_Icon: {fileID: 0}
  m_NavMeshLayer: 0
  m_StaticEditorFlags: 4294967295
  m_IsActive: 1
--- !u!154 &1827171613
TerrainCollider:
  m_ObjectHideFlags: 0
  m_CorrespondingSourceObject: {fileID: 0}
  m_PrefabInstance: {fileID: 0}
  m_PrefabAsset: {fileID: 0}
  m_GameObject: {fileID: 1827171612}
  m_Material: {fileID: 0}
  m_Enabled: 1
  m_TerrainData: {fileID: 15600000, guid: 57d67abd75b02504695e6c9f7c7bfc3e, type: 2}
  m_EnableTreeColliders: 1
--- !u!218 &1827171614
Terrain:
  m_ObjectHideFlags: 0
  m_CorrespondingSourceObject: {fileID: 0}
  m_PrefabInstance: {fileID: 0}
  m_PrefabAsset: {fileID: 0}
  m_GameObject: {fileID: 1827171612}
  m_Enabled: 1
  serializedVersion: 5
  m_TerrainData: {fileID: 15600000, guid: 57d67abd75b02504695e6c9f7c7bfc3e, type: 2}
  m_TreeDistance: 5000
  m_TreeBillboardDistance: 50
  m_TreeCrossFadeLength: 5
  m_TreeMaximumFullLODCount: 50
  m_DetailObjectDistance: 80
  m_DetailObjectDensity: 1
  m_HeightmapPixelError: 5
  m_SplatMapDistance: 1000
  m_HeightmapMaximumLOD: 0
  m_ShadowCastingMode: 2
  m_DrawHeightmap: 1
  m_DrawInstanced: 0
  m_DrawTreesAndFoliage: 1
  m_ReflectionProbeUsage: 1
  m_MaterialTemplate: {fileID: 2100000, guid: 594ea882c5a793440b60ff72d896021e, type: 2}
  m_BakeLightProbesForTrees: 1
  m_PreserveTreePrototypeLayers: 0
  m_DeringLightProbesForTrees: 1
  m_ScaleInLightmap: 0.0256
  m_LightmapParameters: {fileID: 15203, guid: 0000000000000000f000000000000000, type: 0}
  m_GroupingID: 0
  m_AllowAutoConnect: 1
--- !u!4 &1827171615
Transform:
  m_ObjectHideFlags: 0
  m_CorrespondingSourceObject: {fileID: 0}
  m_PrefabInstance: {fileID: 0}
  m_PrefabAsset: {fileID: 0}
  m_GameObject: {fileID: 1827171612}
  m_LocalRotation: {x: 0, y: 0, z: 0, w: 1}
  m_LocalPosition: {x: -500, y: 0, z: -500}
  m_LocalScale: {x: 1, y: 1, z: 1}
  m_Children: []
  m_Father: {fileID: 0}
  m_RootOrder: 7
  m_LocalEulerAnglesHint: {x: 0, y: 0, z: 0}
--- !u!1001 &2111746774
PrefabInstance:
  m_ObjectHideFlags: 0
  serializedVersion: 2
  m_Modification:
    m_TransformParent: {fileID: 1455454152}
    m_Modifications:
    - target: {fileID: 7077369321857550522, guid: f547594334608324094dbbc72cd9314f,
        type: 3}
      propertyPath: m_Name
      value: Rails (2)
      objectReference: {fileID: 0}
    - target: {fileID: 6083382600540879529, guid: f547594334608324094dbbc72cd9314f,
        type: 3}
      propertyPath: m_LocalPosition.x
      value: -4
      objectReference: {fileID: 0}
    - target: {fileID: 6083382600540879529, guid: f547594334608324094dbbc72cd9314f,
        type: 3}
      propertyPath: m_LocalPosition.y
      value: 0
      objectReference: {fileID: 0}
    - target: {fileID: 6083382600540879529, guid: f547594334608324094dbbc72cd9314f,
        type: 3}
      propertyPath: m_LocalPosition.z
      value: -1
      objectReference: {fileID: 0}
    - target: {fileID: 6083382600540879529, guid: f547594334608324094dbbc72cd9314f,
        type: 3}
      propertyPath: m_LocalRotation.x
      value: -0
      objectReference: {fileID: 0}
    - target: {fileID: 6083382600540879529, guid: f547594334608324094dbbc72cd9314f,
        type: 3}
      propertyPath: m_LocalRotation.y
      value: -0
      objectReference: {fileID: 0}
    - target: {fileID: 6083382600540879529, guid: f547594334608324094dbbc72cd9314f,
        type: 3}
      propertyPath: m_LocalRotation.z
      value: -0
      objectReference: {fileID: 0}
    - target: {fileID: 6083382600540879529, guid: f547594334608324094dbbc72cd9314f,
        type: 3}
      propertyPath: m_LocalRotation.w
      value: 1
      objectReference: {fileID: 0}
    - target: {fileID: 6083382600540879529, guid: f547594334608324094dbbc72cd9314f,
        type: 3}
      propertyPath: m_RootOrder
      value: 3
      objectReference: {fileID: 0}
    - target: {fileID: 6083382600540879529, guid: f547594334608324094dbbc72cd9314f,
        type: 3}
      propertyPath: m_LocalEulerAnglesHint.x
      value: 0
      objectReference: {fileID: 0}
    - target: {fileID: 6083382600540879529, guid: f547594334608324094dbbc72cd9314f,
        type: 3}
      propertyPath: m_LocalEulerAnglesHint.y
      value: 0
      objectReference: {fileID: 0}
    - target: {fileID: 6083382600540879529, guid: f547594334608324094dbbc72cd9314f,
        type: 3}
      propertyPath: m_LocalEulerAnglesHint.z
      value: 0
      objectReference: {fileID: 0}
    m_RemovedComponents: []
  m_SourcePrefab: {fileID: 100100000, guid: f547594334608324094dbbc72cd9314f, type: 3}
--- !u!4 &2111746775 stripped
Transform:
  m_CorrespondingSourceObject: {fileID: 6083382600540879529, guid: f547594334608324094dbbc72cd9314f,
    type: 3}
  m_PrefabInstance: {fileID: 2111746774}
  m_PrefabAsset: {fileID: 0}
--- !u!1001 &2134064503
PrefabInstance:
  m_ObjectHideFlags: 0
  serializedVersion: 2
  m_Modification:
    m_TransformParent: {fileID: 0}
    m_Modifications:
    - target: {fileID: 1883598045056975238, guid: cfd734d7d5fb8a6468f56cf64df5ecc1,
        type: 3}
      propertyPath: m_Name
      value: CrosshairCanvas
      objectReference: {fileID: 0}
    - target: {fileID: 1883598045056975242, guid: cfd734d7d5fb8a6468f56cf64df5ecc1,
        type: 3}
      propertyPath: m_LocalPosition.x
      value: 0
      objectReference: {fileID: 0}
    - target: {fileID: 1883598045056975242, guid: cfd734d7d5fb8a6468f56cf64df5ecc1,
        type: 3}
      propertyPath: m_LocalPosition.y
      value: 0
      objectReference: {fileID: 0}
    - target: {fileID: 1883598045056975242, guid: cfd734d7d5fb8a6468f56cf64df5ecc1,
        type: 3}
      propertyPath: m_LocalPosition.z
      value: 0
      objectReference: {fileID: 0}
    - target: {fileID: 1883598045056975242, guid: cfd734d7d5fb8a6468f56cf64df5ecc1,
        type: 3}
      propertyPath: m_LocalRotation.x
      value: 0
      objectReference: {fileID: 0}
    - target: {fileID: 1883598045056975242, guid: cfd734d7d5fb8a6468f56cf64df5ecc1,
        type: 3}
      propertyPath: m_LocalRotation.y
      value: 0
      objectReference: {fileID: 0}
    - target: {fileID: 1883598045056975242, guid: cfd734d7d5fb8a6468f56cf64df5ecc1,
        type: 3}
      propertyPath: m_LocalRotation.z
      value: 0
      objectReference: {fileID: 0}
    - target: {fileID: 1883598045056975242, guid: cfd734d7d5fb8a6468f56cf64df5ecc1,
        type: 3}
      propertyPath: m_LocalRotation.w
      value: 1
      objectReference: {fileID: 0}
    - target: {fileID: 1883598045056975242, guid: cfd734d7d5fb8a6468f56cf64df5ecc1,
        type: 3}
      propertyPath: m_RootOrder
      value: 10
      objectReference: {fileID: 0}
    - target: {fileID: 1883598045056975242, guid: cfd734d7d5fb8a6468f56cf64df5ecc1,
        type: 3}
      propertyPath: m_LocalEulerAnglesHint.x
      value: 0
      objectReference: {fileID: 0}
    - target: {fileID: 1883598045056975242, guid: cfd734d7d5fb8a6468f56cf64df5ecc1,
        type: 3}
      propertyPath: m_LocalEulerAnglesHint.y
      value: 0
      objectReference: {fileID: 0}
    - target: {fileID: 1883598045056975242, guid: cfd734d7d5fb8a6468f56cf64df5ecc1,
        type: 3}
      propertyPath: m_LocalEulerAnglesHint.z
      value: 0
      objectReference: {fileID: 0}
    - target: {fileID: 1883598045056975242, guid: cfd734d7d5fb8a6468f56cf64df5ecc1,
        type: 3}
      propertyPath: m_AnchoredPosition.x
      value: 0
      objectReference: {fileID: 0}
    - target: {fileID: 1883598045056975242, guid: cfd734d7d5fb8a6468f56cf64df5ecc1,
        type: 3}
      propertyPath: m_AnchoredPosition.y
      value: 0
      objectReference: {fileID: 0}
    - target: {fileID: 1883598045056975242, guid: cfd734d7d5fb8a6468f56cf64df5ecc1,
        type: 3}
      propertyPath: m_SizeDelta.x
      value: 0
      objectReference: {fileID: 0}
    - target: {fileID: 1883598045056975242, guid: cfd734d7d5fb8a6468f56cf64df5ecc1,
        type: 3}
      propertyPath: m_SizeDelta.y
      value: 0
      objectReference: {fileID: 0}
    - target: {fileID: 1883598045056975242, guid: cfd734d7d5fb8a6468f56cf64df5ecc1,
        type: 3}
      propertyPath: m_AnchorMin.x
      value: 0
      objectReference: {fileID: 0}
    - target: {fileID: 1883598045056975242, guid: cfd734d7d5fb8a6468f56cf64df5ecc1,
        type: 3}
      propertyPath: m_AnchorMin.y
      value: 0
      objectReference: {fileID: 0}
    - target: {fileID: 1883598045056975242, guid: cfd734d7d5fb8a6468f56cf64df5ecc1,
        type: 3}
      propertyPath: m_AnchorMax.x
      value: 0
      objectReference: {fileID: 0}
    - target: {fileID: 1883598045056975242, guid: cfd734d7d5fb8a6468f56cf64df5ecc1,
        type: 3}
      propertyPath: m_AnchorMax.y
      value: 0
      objectReference: {fileID: 0}
    - target: {fileID: 1883598045056975242, guid: cfd734d7d5fb8a6468f56cf64df5ecc1,
        type: 3}
      propertyPath: m_Pivot.x
      value: 0
      objectReference: {fileID: 0}
    - target: {fileID: 1883598045056975242, guid: cfd734d7d5fb8a6468f56cf64df5ecc1,
        type: 3}
      propertyPath: m_Pivot.y
      value: 0
      objectReference: {fileID: 0}
    m_RemovedComponents: []
  m_SourcePrefab: {fileID: 100100000, guid: cfd734d7d5fb8a6468f56cf64df5ecc1, type: 3}
--- !u!1001 &1719124410171095841
PrefabInstance:
  m_ObjectHideFlags: 0
  serializedVersion: 2
  m_Modification:
    m_TransformParent: {fileID: 0}
    m_Modifications:
    - target: {fileID: 7276237672865056026, guid: 2ad4576cff3efd54190e083d18ea5b4b,
        type: 3}
      propertyPath: m_Name
      value: EnemyTurret
      objectReference: {fileID: 0}
    - target: {fileID: 5954104246897555209, guid: 2ad4576cff3efd54190e083d18ea5b4b,
        type: 3}
      propertyPath: m_LocalPosition.x
      value: 17.48
      objectReference: {fileID: 0}
    - target: {fileID: 5954104246897555209, guid: 2ad4576cff3efd54190e083d18ea5b4b,
        type: 3}
      propertyPath: m_LocalPosition.y
      value: 1
      objectReference: {fileID: 0}
    - target: {fileID: 5954104246897555209, guid: 2ad4576cff3efd54190e083d18ea5b4b,
        type: 3}
      propertyPath: m_LocalPosition.z
      value: 1.352
      objectReference: {fileID: 0}
    - target: {fileID: 5954104246897555209, guid: 2ad4576cff3efd54190e083d18ea5b4b,
        type: 3}
      propertyPath: m_LocalRotation.x
      value: 0
      objectReference: {fileID: 0}
    - target: {fileID: 5954104246897555209, guid: 2ad4576cff3efd54190e083d18ea5b4b,
        type: 3}
      propertyPath: m_LocalRotation.y
      value: 0
      objectReference: {fileID: 0}
    - target: {fileID: 5954104246897555209, guid: 2ad4576cff3efd54190e083d18ea5b4b,
        type: 3}
      propertyPath: m_LocalRotation.z
      value: 0
      objectReference: {fileID: 0}
    - target: {fileID: 5954104246897555209, guid: 2ad4576cff3efd54190e083d18ea5b4b,
        type: 3}
      propertyPath: m_LocalRotation.w
      value: 1
      objectReference: {fileID: 0}
    - target: {fileID: 5954104246897555209, guid: 2ad4576cff3efd54190e083d18ea5b4b,
        type: 3}
      propertyPath: m_RootOrder
      value: 3
      objectReference: {fileID: 0}
    - target: {fileID: 5954104246897555209, guid: 2ad4576cff3efd54190e083d18ea5b4b,
        type: 3}
      propertyPath: m_LocalEulerAnglesHint.x
      value: 0
      objectReference: {fileID: 0}
    - target: {fileID: 5954104246897555209, guid: 2ad4576cff3efd54190e083d18ea5b4b,
        type: 3}
      propertyPath: m_LocalEulerAnglesHint.y
      value: 0
      objectReference: {fileID: 0}
    - target: {fileID: 5954104246897555209, guid: 2ad4576cff3efd54190e083d18ea5b4b,
        type: 3}
      propertyPath: m_LocalEulerAnglesHint.z
      value: 0
      objectReference: {fileID: 0}
    m_RemovedComponents: []
  m_SourcePrefab: {fileID: 100100000, guid: 2ad4576cff3efd54190e083d18ea5b4b, type: 3}
--- !u!1001 &2550786603656046624
PrefabInstance:
  m_ObjectHideFlags: 0
  serializedVersion: 2
  m_Modification:
    m_TransformParent: {fileID: 0}
    m_Modifications:
    - target: {fileID: 2550786602592827932, guid: de561f35dbeb09146a83a456d3f73bca,
        type: 3}
      propertyPath: m_Name
      value: CooldownCanvas
      objectReference: {fileID: 0}
    - target: {fileID: 2550786602592828000, guid: de561f35dbeb09146a83a456d3f73bca,
        type: 3}
      propertyPath: m_LocalPosition.x
      value: 0
      objectReference: {fileID: 0}
    - target: {fileID: 2550786602592828000, guid: de561f35dbeb09146a83a456d3f73bca,
        type: 3}
      propertyPath: m_LocalPosition.y
      value: 0
      objectReference: {fileID: 0}
    - target: {fileID: 2550786602592828000, guid: de561f35dbeb09146a83a456d3f73bca,
        type: 3}
      propertyPath: m_LocalPosition.z
      value: 0
      objectReference: {fileID: 0}
    - target: {fileID: 2550786602592828000, guid: de561f35dbeb09146a83a456d3f73bca,
        type: 3}
      propertyPath: m_LocalRotation.x
      value: 0
      objectReference: {fileID: 0}
    - target: {fileID: 2550786602592828000, guid: de561f35dbeb09146a83a456d3f73bca,
        type: 3}
      propertyPath: m_LocalRotation.y
      value: 0
      objectReference: {fileID: 0}
    - target: {fileID: 2550786602592828000, guid: de561f35dbeb09146a83a456d3f73bca,
        type: 3}
      propertyPath: m_LocalRotation.z
      value: 0
      objectReference: {fileID: 0}
    - target: {fileID: 2550786602592828000, guid: de561f35dbeb09146a83a456d3f73bca,
        type: 3}
      propertyPath: m_LocalRotation.w
      value: 1
      objectReference: {fileID: 0}
    - target: {fileID: 2550786602592828000, guid: de561f35dbeb09146a83a456d3f73bca,
        type: 3}
      propertyPath: m_RootOrder
      value: 12
      objectReference: {fileID: 0}
    - target: {fileID: 2550786602592828000, guid: de561f35dbeb09146a83a456d3f73bca,
        type: 3}
      propertyPath: m_LocalEulerAnglesHint.x
      value: 0
      objectReference: {fileID: 0}
    - target: {fileID: 2550786602592828000, guid: de561f35dbeb09146a83a456d3f73bca,
        type: 3}
      propertyPath: m_LocalEulerAnglesHint.y
      value: 0
      objectReference: {fileID: 0}
    - target: {fileID: 2550786602592828000, guid: de561f35dbeb09146a83a456d3f73bca,
        type: 3}
      propertyPath: m_LocalEulerAnglesHint.z
      value: 0
      objectReference: {fileID: 0}
    - target: {fileID: 2550786602592828000, guid: de561f35dbeb09146a83a456d3f73bca,
        type: 3}
      propertyPath: m_AnchoredPosition.x
      value: 0
      objectReference: {fileID: 0}
    - target: {fileID: 2550786602592828000, guid: de561f35dbeb09146a83a456d3f73bca,
        type: 3}
      propertyPath: m_AnchoredPosition.y
      value: 0
      objectReference: {fileID: 0}
    - target: {fileID: 2550786602592828000, guid: de561f35dbeb09146a83a456d3f73bca,
        type: 3}
      propertyPath: m_SizeDelta.x
      value: 0
      objectReference: {fileID: 0}
    - target: {fileID: 2550786602592828000, guid: de561f35dbeb09146a83a456d3f73bca,
        type: 3}
      propertyPath: m_SizeDelta.y
      value: 0
      objectReference: {fileID: 0}
    - target: {fileID: 2550786602592828000, guid: de561f35dbeb09146a83a456d3f73bca,
        type: 3}
      propertyPath: m_AnchorMin.x
      value: 0
      objectReference: {fileID: 0}
    - target: {fileID: 2550786602592828000, guid: de561f35dbeb09146a83a456d3f73bca,
        type: 3}
      propertyPath: m_AnchorMin.y
      value: 0
      objectReference: {fileID: 0}
    - target: {fileID: 2550786602592828000, guid: de561f35dbeb09146a83a456d3f73bca,
        type: 3}
      propertyPath: m_AnchorMax.x
      value: 0
      objectReference: {fileID: 0}
    - target: {fileID: 2550786602592828000, guid: de561f35dbeb09146a83a456d3f73bca,
        type: 3}
      propertyPath: m_AnchorMax.y
      value: 0
      objectReference: {fileID: 0}
    - target: {fileID: 2550786602592828000, guid: de561f35dbeb09146a83a456d3f73bca,
        type: 3}
      propertyPath: m_Pivot.x
      value: 0
      objectReference: {fileID: 0}
    - target: {fileID: 2550786602592828000, guid: de561f35dbeb09146a83a456d3f73bca,
        type: 3}
      propertyPath: m_Pivot.y
      value: 0
      objectReference: {fileID: 0}
    - target: {fileID: 2550786602592827935, guid: de561f35dbeb09146a83a456d3f73bca,
        type: 3}
      propertyPath: m_Camera
      value: 
      objectReference: {fileID: 0}
    m_RemovedComponents: []
  m_SourcePrefab: {fileID: 100100000, guid: de561f35dbeb09146a83a456d3f73bca, type: 3}
--- !u!1001 &2851474586487738488
PrefabInstance:
  m_ObjectHideFlags: 0
  serializedVersion: 2
  m_Modification:
    m_TransformParent: {fileID: 1455454152}
    m_Modifications:
    - target: {fileID: 2851474586385547940, guid: adbb1a376f38f5c4ab0692c40982fbd8,
        type: 3}
      propertyPath: m_Name
      value: HingeDoor
      objectReference: {fileID: 0}
    - target: {fileID: 2851474586385547941, guid: adbb1a376f38f5c4ab0692c40982fbd8,
        type: 3}
      propertyPath: m_LocalPosition.x
      value: -1.522006
      objectReference: {fileID: 0}
    - target: {fileID: 2851474586385547941, guid: adbb1a376f38f5c4ab0692c40982fbd8,
        type: 3}
      propertyPath: m_LocalPosition.y
      value: 0
      objectReference: {fileID: 0}
    - target: {fileID: 2851474586385547941, guid: adbb1a376f38f5c4ab0692c40982fbd8,
        type: 3}
      propertyPath: m_LocalPosition.z
      value: -2.2011728
      objectReference: {fileID: 0}
    - target: {fileID: 2851474586385547941, guid: adbb1a376f38f5c4ab0692c40982fbd8,
        type: 3}
      propertyPath: m_LocalRotation.x
      value: -0
      objectReference: {fileID: 0}
    - target: {fileID: 2851474586385547941, guid: adbb1a376f38f5c4ab0692c40982fbd8,
        type: 3}
      propertyPath: m_LocalRotation.y
      value: -0
      objectReference: {fileID: 0}
    - target: {fileID: 2851474586385547941, guid: adbb1a376f38f5c4ab0692c40982fbd8,
        type: 3}
      propertyPath: m_LocalRotation.z
      value: -0
      objectReference: {fileID: 0}
    - target: {fileID: 2851474586385547941, guid: adbb1a376f38f5c4ab0692c40982fbd8,
        type: 3}
      propertyPath: m_LocalRotation.w
      value: 1
      objectReference: {fileID: 0}
    - target: {fileID: 2851474586385547941, guid: adbb1a376f38f5c4ab0692c40982fbd8,
        type: 3}
      propertyPath: m_RootOrder
      value: 0
      objectReference: {fileID: 0}
    - target: {fileID: 2851474586385547941, guid: adbb1a376f38f5c4ab0692c40982fbd8,
        type: 3}
      propertyPath: m_LocalEulerAnglesHint.x
      value: 0
      objectReference: {fileID: 0}
    - target: {fileID: 2851474586385547941, guid: adbb1a376f38f5c4ab0692c40982fbd8,
        type: 3}
      propertyPath: m_LocalEulerAnglesHint.y
      value: 0
      objectReference: {fileID: 0}
    - target: {fileID: 2851474586385547941, guid: adbb1a376f38f5c4ab0692c40982fbd8,
        type: 3}
      propertyPath: m_LocalEulerAnglesHint.z
      value: 0
      objectReference: {fileID: 0}
    - target: {fileID: 2851474587064522000, guid: adbb1a376f38f5c4ab0692c40982fbd8,
        type: 3}
      propertyPath: m_ConnectedAnchor.y
      value: 2
      objectReference: {fileID: 0}
    - target: {fileID: 2851474587064522000, guid: adbb1a376f38f5c4ab0692c40982fbd8,
        type: 3}
      propertyPath: m_ConnectedAnchor.x
      value: 13.227994
      objectReference: {fileID: 0}
    - target: {fileID: 2851474587064522000, guid: adbb1a376f38f5c4ab0692c40982fbd8,
        type: 3}
      propertyPath: m_ConnectedAnchor.z
      value: -15.201173
      objectReference: {fileID: 0}
    m_RemovedComponents: []
  m_SourcePrefab: {fileID: 100100000, guid: adbb1a376f38f5c4ab0692c40982fbd8, type: 3}
--- !u!1001 &5081705902896713881
PrefabInstance:
  m_ObjectHideFlags: 0
  serializedVersion: 2
  m_Modification:
    m_TransformParent: {fileID: 0}
    m_Modifications:
    - target: {fileID: 5081705903152621190, guid: 85ba55dfdd9d92c498e0e53aa91d9470,
        type: 3}
      propertyPath: m_Name
      value: DeathScreenCanvas
      objectReference: {fileID: 0}
    - target: {fileID: 5081705903152621240, guid: 85ba55dfdd9d92c498e0e53aa91d9470,
        type: 3}
      propertyPath: m_LocalPosition.x
      value: 0
      objectReference: {fileID: 0}
    - target: {fileID: 5081705903152621240, guid: 85ba55dfdd9d92c498e0e53aa91d9470,
        type: 3}
      propertyPath: m_LocalPosition.y
      value: 0
      objectReference: {fileID: 0}
    - target: {fileID: 5081705903152621240, guid: 85ba55dfdd9d92c498e0e53aa91d9470,
        type: 3}
      propertyPath: m_LocalPosition.z
      value: 0
      objectReference: {fileID: 0}
    - target: {fileID: 5081705903152621240, guid: 85ba55dfdd9d92c498e0e53aa91d9470,
        type: 3}
      propertyPath: m_LocalRotation.x
      value: 0
      objectReference: {fileID: 0}
    - target: {fileID: 5081705903152621240, guid: 85ba55dfdd9d92c498e0e53aa91d9470,
        type: 3}
      propertyPath: m_LocalRotation.y
      value: 0
      objectReference: {fileID: 0}
    - target: {fileID: 5081705903152621240, guid: 85ba55dfdd9d92c498e0e53aa91d9470,
        type: 3}
      propertyPath: m_LocalRotation.z
      value: 0
      objectReference: {fileID: 0}
    - target: {fileID: 5081705903152621240, guid: 85ba55dfdd9d92c498e0e53aa91d9470,
        type: 3}
      propertyPath: m_LocalRotation.w
      value: 1
      objectReference: {fileID: 0}
    - target: {fileID: 5081705903152621240, guid: 85ba55dfdd9d92c498e0e53aa91d9470,
        type: 3}
      propertyPath: m_RootOrder
      value: 9
      objectReference: {fileID: 0}
    - target: {fileID: 5081705903152621240, guid: 85ba55dfdd9d92c498e0e53aa91d9470,
        type: 3}
      propertyPath: m_LocalEulerAnglesHint.x
      value: 0
      objectReference: {fileID: 0}
    - target: {fileID: 5081705903152621240, guid: 85ba55dfdd9d92c498e0e53aa91d9470,
        type: 3}
      propertyPath: m_LocalEulerAnglesHint.y
      value: 0
      objectReference: {fileID: 0}
    - target: {fileID: 5081705903152621240, guid: 85ba55dfdd9d92c498e0e53aa91d9470,
        type: 3}
      propertyPath: m_LocalEulerAnglesHint.z
      value: 0
      objectReference: {fileID: 0}
    - target: {fileID: 5081705903152621240, guid: 85ba55dfdd9d92c498e0e53aa91d9470,
        type: 3}
      propertyPath: m_AnchoredPosition.x
      value: 0
      objectReference: {fileID: 0}
    - target: {fileID: 5081705903152621240, guid: 85ba55dfdd9d92c498e0e53aa91d9470,
        type: 3}
      propertyPath: m_AnchoredPosition.y
      value: 0
      objectReference: {fileID: 0}
    - target: {fileID: 5081705903152621240, guid: 85ba55dfdd9d92c498e0e53aa91d9470,
        type: 3}
      propertyPath: m_SizeDelta.x
      value: 0
      objectReference: {fileID: 0}
    - target: {fileID: 5081705903152621240, guid: 85ba55dfdd9d92c498e0e53aa91d9470,
        type: 3}
      propertyPath: m_SizeDelta.y
      value: 0
      objectReference: {fileID: 0}
    - target: {fileID: 5081705903152621240, guid: 85ba55dfdd9d92c498e0e53aa91d9470,
        type: 3}
      propertyPath: m_AnchorMin.x
      value: 0
      objectReference: {fileID: 0}
    - target: {fileID: 5081705903152621240, guid: 85ba55dfdd9d92c498e0e53aa91d9470,
        type: 3}
      propertyPath: m_AnchorMin.y
      value: 0
      objectReference: {fileID: 0}
    - target: {fileID: 5081705903152621240, guid: 85ba55dfdd9d92c498e0e53aa91d9470,
        type: 3}
      propertyPath: m_AnchorMax.x
      value: 0
      objectReference: {fileID: 0}
    - target: {fileID: 5081705903152621240, guid: 85ba55dfdd9d92c498e0e53aa91d9470,
        type: 3}
      propertyPath: m_AnchorMax.y
      value: 0
      objectReference: {fileID: 0}
    - target: {fileID: 5081705903152621240, guid: 85ba55dfdd9d92c498e0e53aa91d9470,
        type: 3}
      propertyPath: m_Pivot.x
      value: 0
      objectReference: {fileID: 0}
    - target: {fileID: 5081705903152621240, guid: 85ba55dfdd9d92c498e0e53aa91d9470,
        type: 3}
      propertyPath: m_Pivot.y
      value: 0
      objectReference: {fileID: 0}
    m_RemovedComponents: []
  m_SourcePrefab: {fileID: 100100000, guid: 85ba55dfdd9d92c498e0e53aa91d9470, type: 3}
--- !u!1001 &6751496297461520773
PrefabInstance:
  m_ObjectHideFlags: 0
  serializedVersion: 2
  m_Modification:
    m_TransformParent: {fileID: 0}
    m_Modifications:
    - target: {fileID: 3356253791827206715, guid: 74357aa5185a0ef4d8e2b96222707c4d,
        type: 3}
      propertyPath: m_Name
      value: EnemyCamera
      objectReference: {fileID: 0}
    - target: {fileID: 1785843082860548136, guid: 74357aa5185a0ef4d8e2b96222707c4d,
        type: 3}
      propertyPath: m_LocalPosition.x
      value: 11
      objectReference: {fileID: 0}
    - target: {fileID: 1785843082860548136, guid: 74357aa5185a0ef4d8e2b96222707c4d,
        type: 3}
      propertyPath: m_LocalPosition.y
      value: 3
      objectReference: {fileID: 0}
    - target: {fileID: 1785843082860548136, guid: 74357aa5185a0ef4d8e2b96222707c4d,
        type: 3}
      propertyPath: m_LocalPosition.z
      value: 0
      objectReference: {fileID: 0}
    - target: {fileID: 1785843082860548136, guid: 74357aa5185a0ef4d8e2b96222707c4d,
        type: 3}
      propertyPath: m_LocalRotation.x
      value: 0
      objectReference: {fileID: 0}
    - target: {fileID: 1785843082860548136, guid: 74357aa5185a0ef4d8e2b96222707c4d,
        type: 3}
      propertyPath: m_LocalRotation.y
      value: 0
      objectReference: {fileID: 0}
    - target: {fileID: 1785843082860548136, guid: 74357aa5185a0ef4d8e2b96222707c4d,
        type: 3}
      propertyPath: m_LocalRotation.z
      value: 0
      objectReference: {fileID: 0}
    - target: {fileID: 1785843082860548136, guid: 74357aa5185a0ef4d8e2b96222707c4d,
        type: 3}
      propertyPath: m_LocalRotation.w
      value: 1
      objectReference: {fileID: 0}
    - target: {fileID: 1785843082860548136, guid: 74357aa5185a0ef4d8e2b96222707c4d,
        type: 3}
      propertyPath: m_RootOrder
      value: 2
      objectReference: {fileID: 0}
    - target: {fileID: 1785843082860548136, guid: 74357aa5185a0ef4d8e2b96222707c4d,
        type: 3}
      propertyPath: m_LocalEulerAnglesHint.x
      value: 0
      objectReference: {fileID: 0}
    - target: {fileID: 1785843082860548136, guid: 74357aa5185a0ef4d8e2b96222707c4d,
        type: 3}
      propertyPath: m_LocalEulerAnglesHint.y
      value: 0
      objectReference: {fileID: 0}
    - target: {fileID: 1785843082860548136, guid: 74357aa5185a0ef4d8e2b96222707c4d,
        type: 3}
      propertyPath: m_LocalEulerAnglesHint.z
      value: 0
      objectReference: {fileID: 0}
    m_RemovedComponents: []
  m_SourcePrefab: {fileID: 100100000, guid: 74357aa5185a0ef4d8e2b96222707c4d, type: 3}
